4654 5804
67 273 142 345 ost
515 220 519 231 ¹
637 265 1074 345 muscetanum
1126 265 1334 343 manc.
1389 252 1519 342 1545.
2031 256 2108 332 ose
2167 333 2169 348 ,

69 459 104 516 ut
116 445 160 515 ad
177 445 368 514 sacerdotia
385 445 614 535 collegiorum
636 446 852 538 eligerentur
865 443 952 513 tales
976 442 1058 526 viri,
1107 441 1175 510 filii
1206 439 1275 510 Dei
1308 441 1530 530 obsignatae,
1571 461 1634 507 nec
1674 440 1833 507 deserere
1866 431 2105 503 ministerium

67 571 216 640 quorum
240 546 415 617 industria
442 549 523 617 usui
548 572 622 618 esse
644 563 771 642 posset.
830 531 936 616 Nunc
961 545 1056 613 enim
1104 540 1362 634 Evangelicum
1376 545 1477 628 licet,
1502 557 1537 612 et
1552 539 1789 611 Ecclesiarum
1805 545 2008 608 nostrarum
2024 532 2105 604 lesu

69 673 169 744 quam
199 651 304 719 multi
334 651 407 718 sint
429 633 467 718 in
492 651 649 741 collegiis
673 649 938 722 Canonicorum
963 661 1056 717 recte
1106 642 1270 730 Christo,
1296 647 1359 740 qui
1373 648 1470 714 sedet
1493 647 1535 713 ad
1553 648 1710 713 dextram
1727 642 1862 713 aeterni
1884 638 2014 731 patris,
2039 635 2103 708 ubi

69 751 214 834 eruditi,
246 776 303 820 res
332 751 406 843 ipsa
430 754 596 826 ostendit.
655 752 709 824 Ac
738 752 928 844 praecipue
953 751 1056 841 pauci
1105 751 1173 817 sibi
1191 745 1387 818 Ecclesiam
1411 773 1493 818 voce
1519 744 1705 836 Evangelii
1726 745 1782 816 sui
1806 744 1967 834 colligat,
1994 761 2099 833 expe-

69 869 163 939 sont,
190 855 253 946 qui
271 855 469 923 doctrinam
486 851 664 924 Ecclesiae
681 870 773 926 recte
797 855 998 941 intelligant
1023 865 1056 920 et
1107 865 1200 921 ctare
1215 854 1397 925 debemus.

67 971 192 1030 ament.
220 955 289 1026 Sed
306 970 345 1026 ut
362 949 577 1025 honestiviri
592 958 663 1028 sint
679 958 717 1026 in
731 953 1056 1046 collegiisCanoni-

68 1083 196 1142 corum,
208 1059 381 1128 abolenda
397 1072 447 1128 est
462 1059 572 1150 impia
587 1061 642 1129 lcx
660 1062 703 1130 de
720 1059 908 1144 coelibatu,
926 1071 961 1128 et
969 1081 1055 1126 con-

68 1163 261 1230 cedendum
276 1174 327 1230 est
347 1155 402 1229 his
418 1157 608 1232 honestum
625 1177 659 1234 et
676 1161 775 1252 pium
790 1161 1007 1250 coniugium.
1207 1149 1304 1222 Deus
1324 1155 1487 1244 potestati
1510 1151 1645 1242 gerenti
1659 1150 1817 1241 gladium
1833 1144 2036 1230 mandavit,
2063 1155 2102 1212 ut

162 1261 347 1332 Postremo
365 1263 394 1332 si
409 1261 505 1332 Deus
522 1279 625 1334 autor
642 1265 721 1357 piae
737 1277 772 1334 et
785 1264 948 1334 salutaris
967 1287 1055 1332 con·
1108 1269 1288 1324 externam
1305 1251 1490 1325 honestam
1506 1255 1731 1346 disciplinam
1747 1254 1845 1322 iuxta
1861 1249 1982 1318 omnia
1997 1270 2100 1316 mau-

68 1365 203 1434 cordiae
238 1367 372 1435 faveret
407 1365 520 1455 initiis
547 1367 831 1452 reformationis,
874 1379 907 1436 et
934 1389 1057 1434 enten-
1107 1358 1188 1426 (lala
1204 1355 1271 1426 Dei
1290 1372 1429 1428 [fleatur
1445 1383 1485 1428 ac
1505 1359 1673 1436 retineat,
1702 1353 1995 1446 etcorpffl'alibus
2016 1373 2102 1441 ΡΜ·-

68 1469 156 1538 datio
193 1467 251 1558 pia
284 1469 508 1558 procederet,
540 1470 669 1538 deinde
695 1470 735 1538 in
767 1469 940 1538 electione
967 1465 1056 1558 Epi.
1108 1461 1318 1544 nisomnes,
1346 1463 1407 1554 qui
1423 1461 1559 1530 violant
1574 1473 1751 1529 externam
1767 1456 2009 1548 disciplinam,
2035 1475 2103 1544 pu-

68 1593 249 1660 scoporum
273 1571 446 1639 rationem
462 1565 586 1640 haberi
609 1584 805 1664 oporteret,
830 1595 905 1640 non
919 1584 1056 1640 tantum
1109 1563 1202 1647 nial,
1229 1578 1263 1632 et
1280 1588 1402 1634 omncs
1418 1564 1644 1634 mediocriter
1659 1561 1764 1654 periti
1782 1558 1977 1630 forensium
1993 1577 2103 1645 nego-

1333 1011 1396 1088 De
1422 1011 1571 1086 indiciis
1597 987 1883 1085 Ecclesioslicis.

68 1673 227 1763 politicae
249 1672 532 1761 gubernationis,
563 1675 752 1744 sedetiam
780 1671 1056 1745 Ecclesiasticae.
1109 1666 1241 1736 tiorum
1263 1666 1397 1748 sciunt,
1438 1691 1528 1759 quae
1553 1689 1693 1736 caussae
1724 1665 1767 1732 ad
1792 1659 1860 1732 hoc
1882 1663 2001 1731 sorum
2021 1681 2103 1728 vere
2165 1671 2179 1682 ‘
2219 1673 2226 1687 “

68 1773 297 1861 Quaerendus
311 1777 399 1844 esset
413 1799 487 1843 non
505 1789 641 1846 tantum
658 1777 982 1868 diligensqnaestor
997 1789 1058 1846 aut
1109 1769 1320 1858 pertineant·
1379 1767 1523 1838 Praeter
1548 1764 1621 1848 ‚hoc
1649 1769 1767 1836 sorum
1802 1763 1986 1835 ῑῠῐῑὸῑὶῑΰὶῑ
2006 1759 2105 1831 Deus

68 1877 118 1944 vir
131 1876 316 1968 politicus,
342 1877 524 1945 sedetiam
548 1878 776 1948 mediocriter
795 1879 908 1946 sciens
924 1877 1057 1946 doctri·
1109 1872 1203 1940 aliud
1223 1871 1394 1942 iudicium
1413 1873 1451 1941 in
1463 1869 1641 1952 Ecclesia,
1668 1871 1763 1963 qtt⁰d
1783 1893 1863 1938 cum
1881 1870 1938 1938 via
1953 1891 2026 1939 0⁵³0
2042 1873 2104 1941 de-

67 2001 143 2045 nam
165 1975 344 2046 Ecclesiae
367 1993 402 2048 et
425 2003 499 2047 non
525 1981 674 2070 superbe
699 1981 882 2048 fastidiens
895 1980 1057 2049 ministe-
1110 1977 1190 2043 beat
1203 1977 1244 2042 ad
1271 1973 1547 2064 poenitentiam,
1574 1997 1648 2042 non
1672 1971 1839 2042 interficit
1861 1965 2043 2041 hominem
2067 1975 2103 2043 vi

68 2081 153 2148 rium
167 2077 443 2168 Evangelicum,
470 2081 743 2152 deliberationes
757 2085 801 2151 de
816 2083 998 2167 doctrina,
1025 2095 1058 2150 et
1109 2077 1302 2168 corporali,
1329 2079 1387 2146 sed
1406 2077 1512 2174 punit
1527 2077 1635 2145 verbo
1653 2073 1740 2158 Dei,
1767 2074 1902 2144 scilicet
1926 2087 1988 2144 aut
2003 2097 2104 2167 sepa-

68 2185 107 2250 de
129 2182 197 2272 piis
220 2183 431 2250 ceremoniis
454 2197 488 2254 et
510 2184 750 2254 defensionem
766 2197 969 2276 pastorum,
996 2185 1056 2254 sed
1108 2180 1266 2264 ratione,
1299 2193 1360 2250 aut
1389 2180 1560 2250 eiectione
1590 2202 1630 2247 ex
1658 2173 1831 2246 Ecclesia:
1866 2191 1986 2268 postea
2018 2201 2103 2250 vero

70 2285 249 2374 praecipue
266 2279 433 2375 Episcopi
451 2286 563 2355 officia
580 2287 783 2376 intelligens
799 2301 833 2357 et
847 2309 980 2360 amans.
1108 2278 1192 2352 huic
1221 2283 1299 2352 soro
1332 2279 1599 2366 Ecclesiastico,
1632 2279 1736 2349 etiam
1766 2279 2027 2350 controversiae
2058 2283 2103 2351 de

159 2383 240 2454 Etsi
256 2401 374 2456 autem
388 2401 522 2457 veteres
545 2413 697 2458 canones
717 2391 828 2460 multa
845 2389 1058 2459 ordinarunt
1108 2385 1347 2454 matrimoniis
1366 2386 1630 2454 commendatae
1655 2395 1755 2465 sunt,
1782 2383 1878 2474 quod
1904 2384 1999 2452 bono
2016 2407 2103 2452 cou-

68 2490 106 2555 de
120 2487 310 2574 electione,
330 2489 459 2581 quibus
472 2493 698 2580 personis,et
713 2517 865 2585 quorum
883 2493 1056 2582 graduum
1090 2489 1188 2576 xsilio
1215 2489 1346 2558 factum
1368 2489 1519 2561 videtur.
1578 2485 1691 2576 Saepe
1713 2485 1807 2552 cuim
1827 2483 1992 2555 incidunt
2017 2509 2103 2555 con-

69 2585 268 2659 hominibus
297 2595 562 2661 concedendum
585 2593 630 2663 sit
655 2595 711 2662 ius
734 2593 969 2682 suffragandi,
1003 2607 1057 2663 ta-
1108 2592 1318 2674 troversiae,
1344 2592 1381 2658 in
1400 2591 1529 2684 quibus
1546 2587 1772 2658 conscientiis
1795 2587 1949 2677 partium
1964 2589 2102 2658 consuli
2139 2651 2142 2658 .

69 2715 141 2758 men
164 2693 271 2762 nobis
294 2687 362 2762 hoc
386 2695 604 2763 tutissimum
617 2696 778 2782 videtur,
803 2710 845 2766 ut
864 2697 910 2765 sit
930 2697 1055 2767 electio
1107 2695 1229 2778 dehet,
1262 2694 1362 2762 cuius
1383 2694 1435 2762 rei
1456 2694 1494 2760 in
1519 2692 1597 2760 loro
1619 2691 1770 2780 profano
1791 2711 1865 2758 non
1889 2683 2103 2762 itahabetur

70 2815 163 2881 penes
176 2818 314 2864 summa
330 2795 496 2885 collegia,
513 2809 555 2866 ut
570 2792 758 2882 hactenus,
777 2811 963 2892 postquam
981 2823 1054 2866 am·
1106 2797 1209 2867 ratio.
1261 2795 1330 2866 Sed
1348 2797 1443 2888 qnod
1459 2795 1581 2863 multis
1596 2793 1723 2864 seculis
1745 2791 1812 2861 alia
1827 2793 1975 2883 prosena
1992 2816 2102 2886 nego-

68 2895 157 2984 plexa
181 2912 298 2968 essent
322 2921 445 2988 puram
469 2895 657 2988 Evangelii
685 2901 918 2970 doctrinamz.
953 2895 1001 2969 Et
1023 2901 1053 2969 si
1106 2899 1173 2982 tia,
1216 2911 1257 2968 ut
1283 2899 1362 2966 lites
1391 2900 1434 2966 de
1462 2897 1631 2988 pecunia,
1672 2895 1789 2990 sorum
1814 2892 2100 2968 Ecclesiasticum

69 2995 143 3088 quid
159 2998 250 3066 iuris
266 3023 478 3092 quocunqne
494 3003 571 3070 loco
587 3001 769 3094 Principes
783 2999 933 3086 habent,
959 3016 1000 3073 ut
1017 3004 1053 3072 id
1105 3002 1149 3070 ad
1182 3023 1218 3069 se
1246 3000 1371 3084 traxit,
1403 3013 1437 3069 et
1460 3000 1555 3092 quod
1583 2995 1772 3066 Pontifices
1798 2998 1935 3066 fulmen
1961 3021 2101 3069 excom-

70 3113 199 3177 maneat
219 3101 270 3170 eis
288 3102 475 3190 integrum.
1104 3102 1357 3172 municationis
1379 3115 1559 3172 torserunt
1582 3101 1619 3168 in
1641 3099 1893 3191 Imperatores,
1918 3103 1960 3170 ad
1986 3101 2101 3193 impe-

157 3199 248 3270 Nam
267 3205 296 3270 si
317 3207 514 3274 revocanda
531 3221 619 3278 esset
633 3219 733 3276 vetus
749 3197 987 3291 cons'uetudo,
1013 3219 1054 3276 ut
1103 3205 1149 3273 rii
1177 3205 1485 3295 amplificationem
1507 3205 1544 3271 in
1570 3201 1691 3288 ltalia,
1722 3203 1765 3270 ad
1789 3203 2015 3273 retinendum
2043 3229 2099 3274 re-

68 3305 211 3392 populus
234 3327 296 3374 seu
311 3307 493 3398 praecipui
514 3309 584 3376 viri
608 3309 769 3378 omnium
788 3313 963 3398 graduum
978 3309 1053 3378 sni-
1103 3330 1213 3398 gnum
1245 3303 1539 3398 Neapolitanum,
1581 3320 1615 3376 et
1654 3306 1751 3399 quod
1784 3306 2100 3378 excommunicatio

68 3401 295 3492 fugarentur:
325 3409 384 3476 ille
398 3433 476 3477 mos
493 3423 526 3478 et
544 3411 629 3479 olim
641 3435 786 3501 magnos
803 3413 976 3481 tumultus
991 3436 1052 3480 ex·
1101 3434 1176 3480 non
1197 3423 1376 3480 exercetur
1391 3411 1435 3480 ad
1452 3409 1650 3501 puniendas
1661 3430 1763 3496 vagas
1778 3408 1967 3494 libidines,
1994 3411 2097 3482 adul-

70 3503 178 3577 citavit
200 3511 241 3577 in
256 3505 359 3592 Asia,
386 3511 424 3578 in
446 3509 613 3597 Graecia,
640 3527 673 3580 et
693 3515 731 3581 in
751 3511 869 3597 ltalia,
896 3527 930 3582 et
955 3539 1050 3583 nunc
1101 3516 1206 3602 teria,
1244 3513 1501 3584 contumaciam
1523 3513 1718 3588 iuventutis
1742 3513 2016 3592 contumeliosae
2033 3515 2097 3582 ad-

70 3603 102 3673 in
115 3602 177 3678 hac
193 3611 339 3682 natione
354 3607 572 3699 horridiore,
600 3615 730 3684 maiora
748 3617 937 3685 certamina
955 3617 1050 3708 pari·
1101 3605 1223 3689 versus
1240 3631 1421 3708 parentes,
1435 3613 1672 3706 Epicuracurn
1690 3627 1907 3684 contemtum
1923 3611 2098 3686 Christia-

69 3719 157 3778 turus
173 3726 273 3785 esset.
325 3711 373 3784 Et
387 3716 416 3783 si
432 3716 578 3805 collegia
601 3711 670 3786 hoc
692 3717 872 3788 lenissimo
889 3719 1050 3804 consilio,
1102 3745 1168 3790 nae
1185 3720 1386 3804 doctrinae,
1403 3717 1775 3800 etSacramentorum,
1791 3711 1829 3784 hi
1847 3717 1978 3790 abusus
1992 3719 2095 3788 dein-

69 3832 129 3900 quo
145 3837 217 3884 non
233 3815 466 3887 labefactatur
489 3819 667 3907 fastigium
685 3833 746 3889 aut
763 3819 915 3910 dignitas
931 3821 1049 3896 cnius-
1102 3847 1181 3914 ceps
1199 3823 1347 3892 tollendi
1368 3833 1461 3890 sunt.
1503 3817 1648 3903 Utinam
1666 3820 1918 3908 gubernatores
1934 3822 2112 3891 conside-·

69 3933 180 4000 quam,
202 3939 277 3985 non
303 3919 523 4010 diripiuntur
546 3945 647 4012 opes,
673 3946 747 3990 non
770 3923 963 4012 impeditur
986 3925 1048 3992 ad·
1101 3937 1241 4008 rarent,
1265 3947 1370 4015 quam
1390 3945 1528 3990 necesse
1546 3923 1699 3991 sitrecte
1718 3923 2095 3994 constituietdefendi

70 4013 289 4100 ministratio,
320 4024 363 4090 ad
387 4024 676 4093 reformationem
700 4026 777 4092 iure
801 4025 925 4094 divino
947 4049 1049 4116 prae·
1102 4027 1232 4098 iudicia
1256 4021 1500 4108 Ecclesiastia,
1535 4049 1624 4116 quae
1657 4026 1686 4091 si
1716 4047 1790 4091 non
1825 4027 2097 4110 constituentur,

70 4129 207 4205 ceptam,
230 4143 303 4190 non
319 4137 486 4212 poterunt
505 4127 617 4210 flecti,
638 4139 677 4195 ut
695 4126 950 4212 existimamus,
966 4128 1049 4221 quia
1101 4142 1294 4224 sequentur
1310 4127 1423 4197 multo
1439 4125 1611 4196 tristiores
1627 4149 1784 4210 morum,
1811 4127 2036 4221 disciplinae,
2062 4143 2097 4200 et

69 4217 169 4298 maior¹
184 4247 264 4312 pars
280 4219 387 4295 habet
403 4251 482 4297 cum
498 4229 638 4299 inscitia
653 4219 688 4298 el
703 4229 882 4320 impietate
899 4231 1050 4300 coniun-
1101 4233 1283 4303 doctrinae
1299 4230 1536 4303 confusiones.

69 4327 147 4386 ctam
167 4327 414 4414 pertinaciam,
441 4345 480 4400 ut
495 4327 654 4415 Pharao,
677 4345 711 4400 et
727 4329 868 4412 ludaei,
895 4334 1049 4402 etmulti
1203 4331 1259 4406 Ac
1280 4333 1435 4426 primum
1469 4331 1588 4401 sciunt
1613 4355 1736 4400 omncs
1765 4333 1904 4421 negotia
1937 4334 2094 4424 coniugii

71 4435 142 4490 sunt
162 4428 277 4516 palam
292 4425 497 4521 Epicnraei,
525 4433 587 4526 qui
613 4435 741 4502 mentis
766 4434 938 4504 indicium
960 4435 1048 4503 ami·
1101 4461 1264 4529 magnam
1290 4451 1425 4527 partem
1450 4459 1524 4504 esse
1546 4435 1636 4503 vitae
1659 4427 1854 4518 humanae,
1880 4449 1915 4504 et
1937 4437 2095 4507 incidere

72 4539 179 4597 serunt
198 4545 343 4622 propter
370 4533 539 4605 libidines
565 4551 600 4606 et
622 4538 774 4606 ferocem
798 4534 866 4605 Dei
890 4550 1049 4606 contem·
1099 4554 1171 4611 tam
1199 4541 1331 4609 multas
1354 4551 1389 4610 et
1411 4537 1526 4606 varias
1551 4538 1827 4621 controversias,
1852 4541 1949 4609 utad
1971 4541 2094 4628 cogni·

72 4631 150 4693 tum:
184 4627 328 4718 Quanto
350 4637 470 4707 minus
493 4638 679 4708 flectentur
699 4640 743 4706 ad
760 4639 1046 4710 reformationem
1098 4642 1232 4714 tionem
1253 4641 1474 4731 negotiorum
1491 4639 1729 4729 coniugalium
1746 4663 1835 4730 opus
1857 4641 1903 4710 sit
1923 4642 2092 4732 peculiari

72 4733 325 4843 praescriptam,
356 4737 393 4806 in
417 4738 595 4809 vet'eribus
620 4741 835 4826 canonibus,
869 4767 958 4835 quae
981 4744 1048 4812 im·
1100 4745 1251 4828 iudicio,
1275 4769 1335 4813 scu
1352 4743 1523 4835 peculiari
1543 4742 1685 4811 decuria
1700 4743 1869 4814 indicum.
1918 4743 1991 4813 Nec
2015 4745 2090 4813 steri

72 4845 154 4911 perta
171 4835 320 4928 eriperet
338 4853 372 4910 et
392 4840 605 4912 diminueret
621 4843 728 4932 opes?
955 4861 958 4876 ⁴
1099 4861 1224 4937 potest,
1241 4861 1280 4916 ut
1297 4846 1428 4935 singuli
1445 4845 1600 4936 pastores
1617 4846 1654 4912 in
1668 4841 1837 4914 Ecclesiis
1854 4859 1991 4915 tantum
2009 4870 2091 4915 eru-

160 4931 198 5004 si
214 4953 328 5009 autem
348 4939 518 5034 Episcopi
534 4959 567 5014 ct
582 4943 755 5014 Canonici
769 4969 912 5017 manere
931 4941 1048 5018 hostes
1100 4950 1246 5019 ditionis
1273 4963 1307 5018 et
1328 4949 1452 5018 iudicii
1479 4943 1652 5031 habeant,
1684 4961 1726 5016 ut
1745 4941 1808 5016 has
1833 4949 2091 5019 controversias

74 5020 263 5141 Evangelii,
296 5057 329 5112 et
354 5045 551 5135 parricidae
572 5060 665 5116 recte
687 5049 893 5118 docentium
916 5050 1048 5134 volent,
1099 5051 1397 5121 rectediindicare
1412 5051 1559 5142 possint.
1587 5045 1802 5140 Saepeenim
1820 5051 1907 5119 adeo
1922 5051 2091 5120 obscurae

74 5148 149 5249 ”fut
168 5139 309 5214 luerunt
329 5141 518 5234 hactenus,
545 5151 874 5219 commendabimus
889 5149 966 5221 Deo
992 5153 1049 5221 iu·
1099 5167 1134 5223 et
1150 5153 1333 5222 intricatae
1349 5177 1489 5222 caussae
1504 5165 1606 5238 sunt,
1630 5165 1671 5221 ut
1693 5153 1797 5220 ctiam
1814 5152 1927 5222 doctis
1945 5167 1979 5223 et
1995 5154 2089 5246 peri—

75 5227 188 5308 dtcrum
220 5259 254 5315 et
286 5242 352 5316 hae
387 5251 660 5342 compositiones
693 5252 822 5322 frustra
854 5266 1048 5327 tentantur.
1099 5257 1145 5326 tis
1172 5255 1314 5324 difficile
1338 5256 1386 5325 sit
1405 5253 1651 5346 pronunciare.
1713 5251 1797 5322 ldeo
1818 5277 1956 5325 necesse
1978 5269 2029 5325 est
2051 5257 2088 5324 in

74 5324 140 5404 Non
162 5345 250 5415 enim
273 5349 424 5421 abiicere
444 5355 698 5422 confessionem
715 5377 818 5423 verae
834 5357 1047 5426 necessariae
1099 5357 1204 5427 certis
1220 5358 1306 5426 locis
1320 5357 1532 5449 opportunis
1547 5350 1808 5447 †praecipuis''‚
1827 5357 1868 5424 ad
1886 5380 1977 5452 quac
1993 5383 2089 5429 acce·

77 5443 104 5500 et
120 5441 270 5520 salutaris
290 5453 472 5526 doctrinae
497 5453 607 5527 aDeo
631 5457 800 5542 traditae,
828 5471 860 5527 et
877 5459 1047 5549 sanguine
1069 5491 1075 5514 ι
1099 5461 1181 5532 dere
1196 5454 1359 5530 homines
1381 5461 1458 5529 sine
1480 5458 1617 5548 magnis
1636 5459 1836 5551 sumptibus
1859 5476 2025 5552 possunt,
2051 5463 2087 5516 c„
