4670 5806
87 243 155 321 ddi
647 228 1087 317 EPISTOLARUM
1143 235 1252 318 ΗΒ.
1287 237 1351 318 lli.
1405 235 1536 317 1644.
2031 237 2107 314 558

89 427 219 484 coetum
239 416 393 510 aliquem
413 428 544 500 servet,
572 415 634 508 qui
664 413 710 486 sit
731 426 847 486 custos
870 408 999 484 horum
1018 409 1065 482 li·
1115 413 1153 480 in
1175 407 1315 504 phrasi,
1341 413 1379 482 in
1405 413 1664 505 distinguendis
1690 409 1888 482 intervallis
1911 409 2104 481 sententia-
2190 422 2194 430 '

87 517 226 586 brorum
247 531 404 588 etseras
425 517 628 592 sententiae.
679 513 877 606 Obsignato
899 513 1064 606 legemin
1114 537 1193 584 rum
1210 514 1461 604 diligentiores.
1512 513 1671 609 Apparet
1692 529 1829 600 autem,
1850 512 2104 604 interpretibus

88 618 266 709 discipulis
279 619 378 704 meis,
395 619 530 713 inquit;
556 619 672 703 idest,
691 613 918 690 hanccuram
937 615 1063 687 suscita
1115 611 1188 699 his,
1214 639 1365 708 quorum
1390 615 1476 688 haec
1498 633 1549 689 est
1569 617 1701 700 versio,
1728 639 1802 685 uon
1822 629 1893 686 tam
1909 615 2101 684 verborum

88 720 343 790 inauditorum
373 745 533 792 meorum
553 721 752 806 mentibus,
788 733 830 792 ut
853 733 932 791 tuos
954 719 1064 788 libros
1115 717 1331 804 intellectum
1353 721 1524 805 defuisse,
1548 743 1655 813 quam
1677 717 1896 806 diligentiam
1919 716 2102 787 in'distin·

87 835 215 900 ament,
241 823 375 911 legant,
396 837 591 906 asservent,
617 837 651 892 et
663 823 847 915 propagari
864 833 1005 904 curent,
1030 831 1064 888 et
1114 820 1263 908 guendis
1277 823 1470 896 sententiis.
1523 821 1629 911 Quod
1644 845 1685 890 eo
1700 819 1844 904 accidit,
1871 809 1953 912 (juia
1970 831 2004 889 et
2019 818 2102 887 son-

86 945 200 990 eorum
219 925 373 992 studium
391 923 532 998 adiuva.
582 919 921 995 Accendeetiamiu
935 919 1064 990 menti·
1114 935 1164 989 tes
1189 945 1263 990 non
1280 923 1362 992 satis
1384 924 1650 1009 intellexerunt,
1676 922 1768 992 etad
1782 919 2001 1012 diligentiam
2026 921 2101 989 sor-

85 1023 145 1092 bus
175 1047 295 1096 corum
328 1025 443 1094 lucem
471 1039 588 1104 tuam,
623 1038 657 1096 et
676 1040 845 1120 tanquam
871 1017 1064 1120 σφραγῖδα
1115 1025 1263 1092 mendae
1292 1026 1463 1096 orationis
1492 1027 1530 1094 in
1553 1023 1687 1095 Graeca
1711 1022 1833 1112 lingua
1854 1045 1933 1116 non
1952 1023 2099 1091 suerunt

83 1137 173 1194 tuam
193 1125 405 1218 imprimite,
435 1126 601 1197 videlicet
621 1129 777 1228 natiyam
801 1141 967 1197 etveram
983 1147 1064 1192 sen·
1114 1123 1319 1195 adsuefacti:
1352 1141 1472 1218 postea
1502 1129 1607 1198 etiam
1635 1139 1687 1197 tot
1709 1125 1836 1194 seculis
1858 1125 1970 1194 multa
1989 1145 2102 1192 mem-

84 1228 234 1298 teutiam.
291 1224 368 1296 Hos
400 1227 495 1300 inter
515 1227 747 1318 imperiorum
767 1229 889 1298 ruinas
909 1238 1062 1296 servato:
1114 1227 1177 1295 bra
1193 1228 1372 1298 confusius
1387 1231 1647 1321 descripserunt
1663 1225 1800 1296 indocti
1815 1225 1967 1298 librarii.
2034 1229 2037 1238 '

83 1329 123 1396 da
144 1329 192 1396 eis
217 1323 369 1419 hospitia
392 1329 528 1422 aliqua,
553 1342 589 1400 et
602 1331 862 1422 posteritatem,
887 1343 928 1400 ut
947 1341 982 1398 te
1004 1350 1062 1394 ex·
1214 1325 1364 1400 Prodest
1392 1344 1507 1400 autem
1535 1346 1651 1403 extare
1673 1324 1758 1398 haec
1782 1339 2032 1405 monumenta,
2065 1337 2101 1398 et
2184 1395 2192 1402 ,

84 1442 226 1518 pectent.
286 1427 389 1520 Hanc
411 1426 537 1500 Esaiae
566 1433 803 1522 precationem
832 1454 898 1500 nos
922 1452 1062 1523 quoque
1114 1441 1257 1520 propter
1278 1431 1397 1502 citatas
1417 1457 1436 1501 a
1460 1430 1572 1502 Paulo
1595 1429 1804 1514 sententias,
1829 1429 1962 1523 etquia
1987 1427 2101 1497 inter-

84 1525 145 1598 hoc
160 1543 316 1621 tempore
337 1553 439 1623 saepe
462 1531 652 1621 cogitemus
675 1549 709 1604 et
722 1533 925 1616 recitemus,
950 1555 990 1600 ac
1014 1529 1080 1596 si-.
1113 1533 1199 1600 dum
1221 1526 1356 1602 Graeca
1390 1533 1494 1604 lectio
1521 1535 1668 1626 propior
1699 1546 1750 1603 est
1777 1531 1954 1614 fontibus,
1992 1551 2101 1624 quam

84 1631 152 1700 mul
165 1629 241 1700 Deo
265 1633 393 1720 gratias
416 1655 574 1722 agamus,
600 1635 696 1726 quod
711 1657 776 1704 nos
791 1635 833 1702 ad
848 1623 993 1703 suorum
1016 1629 1061 1698 li·
1113 1633 1259 1719 Latina,
1280 1647 1319 1704 ut
1334 1635 1372 1703 iu
1386 1637 1557 1705 sententia
1571 1634 1773 1722 gravissima
1789 1645 1823 1702 et
1838 1627 2015 1701 Ecclesiae
2035 1652 2101 1698 ne-

85 1733 223 1800 brorum
252 1734 439 1803 lectionem
468 1749 503 1804 ct
525 1737 813 1826 propagationem
836 1735 994 1816 vocavit,
1027 1743 1062 1800 et
1113 1737 1261 1808 cessaria
1282 1739 1376 1828 apud
1398 1731 1514 1806 lohel:
1556 1733 1816 1808 convertimini
1839 1735 1883 1802 ad
1903 1730 2101 1803 Dominum

84 1855 141 1902 suo
158 1834 306 1928 quisque
331 1835 408 1904 loco
430 1835 567 1927 aliquid
589 1861 716 1928 operae
737 1838 894 1908 conferat
908 1837 952 1906 ad
967 1831 1062 1903 divi·
1112 1838 1227 1911 Deum
1249 1852 1423 1922 vestrum,
1455 1839 1539 1932 quia
1561 1839 1735 1928 benignus
1756 1849 1790 1906 et
1816 1834 2017 1903 misericors
2036 1845 2100 1916 est,

82 1957 204 2004 norum
234 1949 550 2006 monumentorum
573 1937 857 2009 asservationem.
914 1935 1062 2007 Praedi-
1113 1941 1249 2034 patiens
1262 1951 1296 2009 et
1311 1941 1440 2011 multae
1454 1939 1731 2023 misericordiae,
1756 1947 1790 2006 et
1803 1935 2024 2028 praestabilis
2040 1957 2101 2004 su·

83 2049 156 2106 cant
177 2060 281 2108 sunm
305 2037 533 2123 beneficium,
556 2041 618 2132 qui
635 2054 766 2110 veteres
782 2027 922 2131 poetas,
947 2033 1061 2106 histo-
1113 2065 1176 2133 per
1208 2041 1355 2116 malitia.
1420 2040 1519 2130 Quid
1553 2037 1611 2113 hic
1647 2039 1817 2131 significat
1856 2035 2101 2128 praestabilis?

82 2137 184 2222 ‘3⁶⁰⁸’
210 2151 384 2222 ⁰l³l⁰r⁰⁸s
410 2139 582 2223 medlffiss,
601 2142 719 2231 l‘gum
734 2141 917 2210 volumina
934 2141 1060 2210 edunt:
1114 2144 1271 2214 Graecus
1299 2143 1442 2235 proprie
1471 2155 1505 2212 et
1535 2143 1715 2234 perspicue
1744 2139 1901 2208 reddidit
1923 2135 2099 2206 Ebraeam

82 2253 112 2308 et
128 2239 214 2308 iuste
229 2239 453 2331 praedicant,
479 2265 519 2309 ac
534 2244 681 2330 gratiam
698 2237 899 2312 habendam
922 2241 971 2310 eis
990 2255 1062 2310 sta·
1114 2270 1233 2315 vocem
1254 2249 1450 2337 μετανοῶν
1464 2239 1549 2340 (ἐπὶ
1570 2247 1653 2325 ταῖς
1674 2236 1864 2330 κακίαις),
1889 2239 2100 2330 significans,

81 2352 146 2412 tuo.
195 2339 244 2409 Et
261 2341 298 2408 in
318 2335 373 2408 his
391 2341 500 2410 multa
515 2339 693 2414 Ecclesiae
709 2356 868 2436 prosunt.
920 2342 990 2414 Sed
1009 2355 1062 2412 ta·
1112 2347 1226 2416 Deum
1249 2347 1288 2414 in
1314 2345 1576 2415 adflictiouibus
1602 2345 1731 2416 nostris
1747 2357 1782 2413 et
1795 2343 1974 2411 aerumnis
1996 2339 2097 2433 quasi

82 2465 154 2509 men
166 2444 279 2512 multo
293 2441 402 2532 magis
417 2442 648 2533 praedicanda
660 2443 1062 2528 estvoluntasomnium,
1113 2449 1291 2540 poenitere
1306 2471 1388 2518 suae
1405 2447 1623 2533 iracundiae,
1649 2471 1689 2516 ac
1703 2445 1862 2535 mitigare
1874 2465 2026 2535 poenas,
2053 2463 2099 2510 ne

82 2545 136 2636 qni
158 2557 302 2628 cumnis
325 2558 367 2613 ul
389 2557 525 2628 θῐῑθῦῑ,
550 2559 591 2616 ut
610 2547 741 2618 sintin
764 2547 928 2617 manibus
943 2542 1062 2615 homi·
1096 2541 1256 2642 'prorsus
1275 2573 1535 2623 consumamur.
1592 2547 1671 2620 Etsi
1702 2547 1797 2616 enim
1828 2543 2016 2614 iustissima
2047 2557 2099 2614 cst

82 2669 159 2714 uum
173 2669 214 2714 ac
229 2644 515 2714 transmittantur
530 2645 574 2715 ad
588 2662 746 2738 posteros
759 2649 844 2718 libri
858 2642 1061 2739 Prophetici
1112 2653 1186 2736 ira,
1223 2665 1340 2722 tamen
1361 2644 1448 2720 haec
1473 2664 1592 2721 nostra
1622 2648 1846 2719 imbecillitas
1875 2647 2097 2716 severitatem

81 2761 110 2815 et
125 2743 361 2838 Apostolici.e
386 2743 538 2815 Gratum
553 2744 629 2818 Deo
653 2750 787 2820 faciunt
809 2763 845 2819 et
863 2750 1061 2840 scriptores,
1113 2752 1237 2821 iudicii
1259 2751 1374 2821 divini
1394 2752 1486 2821 serre
1508 2765 1637 2844 potest:
1664 2751 1755 2822 sicut
1773 2749 1900 2819 clamat
1915 2744 2097 2818 Ieremias:

82 2849 136 2940 qui
149 2847 328 2918 versiones
349 2847 546 2941 luculentas
560 2851 754 2936 adomant3
781 2864 815 2920 ct
836 2845 1060 2944 typographi,
1110 2853 1257 2944 Corripe
1278 2877 1353 2940 rue,
1378 2849 1550 2938 Domine,
1579 2877 1703 2924 verum
1728 2851 1766 2920 in
1789 2849 1939 2932 iudicio,
1966 2863 1999 2919 et
2023 2869 2097 2916 non

82 2951 136 3042 qui
160 2951 289 3033 edu'nt;
314 2961 349 3017 et
372 2947 569 3039 principes,
596 2953 657 3045 qui
681 2947 764 3021 haec
788 2953 902 3021 studia
927 2954 1060 3035 fovent,
1111 2955 1150 3024 in
1173 2956 1310 3040 furore,
1333 2979 1379 3025 ne
1401 2955 1440 3024 in
1462 2949 1617 3024 nihilum
1639 2953 1777 3043 redigas
1792 2974 1871 3020 me.·
1910 2947 1958 3020 Et
1978 2961 2097 3020 extant

81 3075 137 3120 nce
159 3050 378 3142 impediunt,
403 3064 443 3120 ut
463 3049 501 3119 bt
523 3050 561 3121 in
582 3052 816 3125 multislocis.
866 3051 1059 3144 Praecipue
1110 3055 1240 3126 multae
1256 3055 1388 3124 similes
1401 3055 1608 3130 sententiae.
1659 3053 1842 3126 Postremo
1864 3051 2001 3122 utilitas
2022 3073 2096 3120 non

80 3177 153 3222 vero
175 3155 267 3222 bene
290 3165 472 3221 merentur
486 3151 721 3240 de·Ecclesia,
738 3155 799 3246 qui
812 3154 926 3226 fontes
941 3156 1059 3246 profe·
1109 3157 1327 3250 aspernanda
1357 3171 1429 3242 est,
1469 3158 1565 3251 quod
1594 3181 1675 3227 cum
1704 3177 1902 3226 sermonem
1933 3151 2098 3245 Apostoli

80 3267 172 3340 runt,
204 3253 370 3323 videlicet
396 3249 566 3326 Ebrairos
594 3255 706 3326 libros
736 3250 995 3346 Prophetarum
1024 3267 1059 3326 et
1110 3259 1245 3332 Graece
1268 3259 1460 3330 scribentes
1482 3283 1523 3329 ex
1543 3253 1612 3329 hoc
1630 3259 1725 3328 libro
1742 3255 1946 3339 sumserint,
1970 3253 2098 3324 melius

80 3351 225 3425 Graecos
244 3351 510 3445 Apostolorum.
560 3351 737 3426 Omnium
759 3357 868 3445 igitur
891 3381 996 3449 opera
1018 3357 1056 3426 iu
1110 3361 1308 3452 intelligent
1329 3362 1486 3452 pondera
1512 3361 1703 3432 verborum
1724 3359 1763 3428 in
1776 3353 1989 3449 Apostolicis
2011 3355 2098 3425 scri-

79 3457 217 3526 alendis
233 3481 275 3525 ac
296 3455 516 3525 illustrandis
533 3453 678 3527 Graecis
696 3453 948 3549 Apostolorum
970 3459 1055 3528 scri·
1112 3465 1197 3555 ptis,
1231 3463 1292 3556 qui
1317 3475 1449 3533 attente
1470 3463 1587 3552 legent
1607 3457 1703 3532 hunc
1725 3461 1869 3529 librum.
1919 3453 2096 3528 Adserva-

79 3559 138 3646 ptis
153 3558 334 3647 probanda
353 3571 419 3627 est:
447 3579 529 3624 uam
546 3551 584 3626 hi
603 3573 686 3628 sunt
702 3561 827 3631 fontes.
1110 3588 1186 3634 mus
1203 3587 1285 3654 ergo
1300 3559 1386 3634 haec
1403 3579 1650 3648 monumenta,
1678 3561 1897 3654 inspicienda
1914 3557 2093 3629 studiosis.

172 3657 385 3728 Versiouem
404 3681 488 3726 vero
513 3654 684 3728 Graecam
699 3655 958 3750 Prophetarum
984 3658 1056 3728 scio
1109 3664 1293 3758 Quidquid
1312 3677 1362 3733 est
1377 3665 1492 3749 enim,
1519 3667 1614 3758 quod
1629 3663 1747 3756 aliqua
1767 3685 1808 3731 ex
1824 3675 1923 3754 parte
1945 3662 1988 3729 ad
2011 3659 2098 3728 illu-

79 3758 173 3848 longc
195 3759 450 3853 squalidiorem
472 3780 545 3827 esse
566 3759 638 3829 suis
659 3759 835 3830 lontibus:
862 3763 920 3830 sed
940 3774 1055 3830 tamen
1108 3767 1287 3834 strandam
1309 3765 1506 3837 doctrinam
1533 3767 1716 3837 coelestem
1734 3763 1920 3849 conducit,
1944 3761 2097 3851 diligen-

79 3874 274 3930 esureeam
284 3860 441 3942 utileest,
457 3881 536 3927 urm
547 3883 586 3929 ea
597 3859 724 3930 Graeci
740 3861 932 3932 etiamnum
947 3874 1053 3932 utan·
1108 3880 1160 3936 ter
1176 3865 1401 3937 retinendum
1417 3881 1480 3941 est.

79 3971 141 4046 tur,
156 3961 341 4032 etcollatio
358 3983 459 4050 saepe
468 3955 605 4029 Latinis
620 3963 783 4052 prodesse
801 3962 927 4053 possit:
954 3963 1056 4032 deni·
1210 3965 1302 4036 Tam
1324 3969 1435 4038 multa
1458 3981 1541 4038 sunt
1559 3967 1711 4038 illustria
1735 3965 1934 4036 testimonia
1959 3959 2095 4034 deDeo

78 4083 139 4154 que
155 4088 235 4133 cum
251 4061 446 4132 sententiae
461 4058 601 4132 aPaulo
616 4061 740 4133 citatae
755 4065 955 4147 ostendant,
970 4079 1055 4137 tunc
1106 4068 1146 4138 in
1168 4081 1239 4138 tota
1264 4081 1390 4138 natura
1417 4069 1557 4139 rerunt!
1617 4067 1687 4140 Hic
1715 4062 1976 4160 pulcherrimus
2005 4067 2094 4136 ordo

79 4185 146 4232 earn
164 4166 200 4234 in
217 4157 646 4254 manibusApostolorum
662 4163 779 4238 luisse.
813 4161 861 4236 Et
875 4180 960 4235 tnnc
975 4193 1054 4238 cum
1106 4193 1318 4260 corporum,
1343 4171 1436 4261 leges
1459 4185 1572 4242 certae
1590 4183 1751 4240 motuum
1769 4169 1989 4254 coelestium,
2014 4191 2095 4258 spe-

79 4263 154 4333 libri
170 4265 223 4334 illi
239 4261 369 4336 Graeci
387 4263 593 4352 integriores
611 4279 746 4351 esseut,
771 4279 807 4337 et
823 4279 913 4337 recte
927 4268 1056 4339 distin·
1107 4272 1239 4342 cirrum
1270 4273 1508 4352 conservatio,
1548 4271 1623 4364 ipsa
1651 4295 1751 4341 mens
1780 4267 1953 4356 hominis,
1992 4283 2027 4340 et
2054 4269 2094 4338 in

80 4365 138 4448 cti,
170 4368 251 4458 plus
273 4366 361 4436 lucis
383 4360 536 4438 habebat
559 4363 694 4436 Graeca
719 4369 834 4440 lectio.
893 4367 967 4438 Nec
991 4393 1053 4460 ego
1107 4387 1224 4444 mente
1246 4375 1393 4444 notitiae
1417 4373 1629 4444 certissimae
1651 4397 1882 4443 numerorum
1899 4386 1933 4442 et
1945 4371 2095 4454 ordinis,

52 4507 59 4520 ·
78 4468 116 4534 de
130 4467 378 4560 interpretibus
392 4466 596 4558 disputabo:
623 4468 774 4558 optarim
792 4470 1001 4540 eruditiores
1020 4484 1056 4543 et
1105 4490 1140 4546 et
1162 4476 1351 4545 discrimen
1377 4470 1606 4546 honestorum
1625 4488 1659 4544 et
1678 4475 1857 4568 turpium,
1882 4473 2014 4544 multae
2037 4476 2094 4542 lu-

79 4567 309 4658 diligentiores
325 4567 449 4652 luisse,
475 4569 677 4662 quicunque
696 4569 852 4643 suerunt.
902 4567 973 4641 Sed
989 4595 1054 4664 po·
1104 4589 1263 4649 curarum
1284 4601 1404 4646 rerum
1427 4576 1722 4667 significationes,
1754 4599 1844 4669 quae
1865 4575 1984 4646 omnia
2007 4599 2093 4644 cou-
2138 4589 2142 4594 ’

79 4681 192 4738 strema
200 4671 260 4738 illa
270 4683 362 4739 aetas
370 4665 502 4738 ludoici
513 4671 647 4761 populi,
660 4672 889 4760 regnantibus
898 4667 1054 4760 Graecis,
1105 4677 1253 4748 vincunt
1269 4679 1408 4748 animos
1427 4689 1586 4761 nostros,
1607 4673 1703 4749 hunc
1719 4679 1894 4746 mundum
1912 4701 1987 4746 non
2004 4676 2094 4746 exti-

79 4789 143 4838 non
160 4766 283 4840 habuit
299 4770 429 4839 multos
444 4784 537 4839 recte
551 4767 1052 4864 intelligentcsProphetarum
1105 4778 1186 4847 tisse
1209 4802 1307 4864 casu,
1339 4781 1400 4850 sed
1423 4803 1498 4850 esse
1522 4783 1701 4874 quandam
1732 4792 1907 4849 aeternam
1937 4789 2092 4847 mentem

79 4872 265 4942 conciones.
314 4867 430 4940 Erant
445 4871 539 4940 enim
557 4873 743 4966 pleraeque
756 4874 900 4943 insulsis
911 4875 1052 4966 opinio-
1104 4875 1427 4955 architectatricem.
1477 4879 1617 4953 Deinde
1632 4879 1856 4952 manifestum
1875 4892 1943 4965 est,
1969 4877 2092 4970 puniri

78 4971 173 5042 nibus
192 4969 464 5042 Pharisaeorum
485 4973 689 5042 obscuratae
720 4999 760 5044 ac
782 4999 872 5066 pene
893 4977 1052 5052 obrutae.
1103 4981 1233 5049 atrocia
1269 4983 1397 5053 scelera
1430 4983 1469 5054 iu
1500 4979 1567 5054 hac
1592 4985 1665 5054 vita
1690 4981 1889 5073 insignibus
1912 4978 2091 5071 exemplis.

78 5065 120 5140 Et
132 5098 340 5168 quamquam
358 5074 396 5142 in
408 5072 510 5168 Syria
526 5087 560 5143 et
574 5070 736 5168 Aegypto
753 5077 792 5149 in
806 5077 957 5148 urbibus
974 5103 1051 5150 ma·
1102 5079 1166 5151 Est
1189 5083 1297 5172 igitur
1319 5085 1565 5176 providentia..
1614 5084 1732 5174 Quare
1756 5105 1895 5155 necesse
1918 5095 1990 5166 est,
2023 5075 2092 5149 ho-

78 5170 201 5246 ioribus
221 5175 374 5268 populus
398 5173 532 5247 Graece
556 5175 783 5268 loquebatur:
815 5190 933 5248 tamen
956 5183 1049 5250 nati·
1101 5184 1214 5252 mines
1238 5209 1427 5278 quaerere,
1453 5188 1533 5269 ubi,
1555 5187 1680 5282 inquo
1702 5211 1830 5277 genere
1851 5183 2032 5254 doctrinae
2054 5205 2091 5253 se

78 5295 146 5342 ram
169 5276 413 5369 proprietatem
436 5301 510 5349 non
528 5279 677 5348 retinuit
700 5280 952 5372 incorruptam.
1000 5281 1049 5354 Et
1101 5287 1300 5376 patefecerit
1312 5283 1424 5373 Deus,
1452 5289 1539 5383 quid
1557 5289 1600 5358 de
1614 5287 1901 5358 reconciliatione
1918 5283 2091 5356 docuerit.

81 5373 132 5444 uit
145 5378 222 5449 aliis
237 5391 339 5451 eraut
353 5379 574 5466 eruditiores,
596 5381 684 5452 etin
700 5381 837 5452 delectu
847 5381 1048 5473 verborum,
1100 5385 1196 5458 Haec
1211 5387 1274 5482 qui
1289 5411 1370 5458 rere
1386 5387 1820 5477 consideraut,Ecclesiae
1834 5389 1946 5458 libros
1960 5401 2091 5470 amant,
