4704 5804
202 201 275 278 199
353 298 362 309 .

213 371 284 449 Νο.
298 377 412 449 2778.

208 471 422 512 Μ

471 661 476 672 ‚
584 557 823 650 Studiosis.
930 599 934 607 ·

278 739 387 794 Editant
401 739 429 796 in
441 741 555 814 Scriptis
570 742 647 816 publ.
662 744 746 800 tud.
763 743 877 802 Witelt.
895 743 928 802 T.
942 745 963 802 l.
982 762 1009 818 p.
1023 744 1067 798 72.

780 197 1210 284 EPISTOLARUM

1082 379 1187 462 (lt-t)

1056 471 1196 502 w

591 898 825 1000 (Studiosis.)

211 1023 331 1107 Nosse
364 1053 639 1132 temperamenta
675 1065 862 1132 corporum
898 1036 1137 1112 humanorum
1172 1055 1206 1112 ct

213 1137 481 1226 inclinationes,
511 1167 599 1234 quae
623 1145 966 1234 sequunturcrasin,
993 1148 1149 1236 profecto
1167 1145 1204 1212 in

213 1239 286 1310 vita
301 1243 528 1312 utilissimum
545 1257 612 1323 est,
646 1245 807 1316 videlicet
824 1248 868 1314 ad
885 1249 1052 1315 tuendam
1070 1248 1205 1315 valetu-

215 1342 337 1412 dinem
353 1359 388 1414 et
405 1347 576 1434 regendos
590 1369 718 1419 mores.
753 1345 803 1417 Et
817 1362 857 1417 ut
871 1348 961 1416 aliae
977 1361 1090 1439 partes
1107 1343 1203 1441 Phy-

215 1445 318 1532 sices,
354 1448 494 1514 dulcem
516 1443 601 1516 haec
625 1472 706 1539 pars
724 1451 923 1518 doctrinam
942 1464 975 1518 et
991 1464 1122 1540 gratam
1140 1451 1205 1544 ho-

214 1547 271 1614 nis
294 1549 445 1638 ingeniis
472 1550 640 1626 continet.
691 1547 801 1640 Coepi
825 1565 941 1620 autem
966 1576 1080 1642 nuper
1102 1575 1205 1619 enar-

214 1672 293 1718 rare
317 1652 434 1718 locmn
458 1641 663 1720 Ptolemaei
682 1651 720 1718 iu
745 1651 1031 1742 Quadripartito,
1072 1653 1109 1720 iu
1134 1677 1204 1744 quo

215 1751 448 1820 conferuntur
462 1749 639 1836 Planetae,
661 1765 946 1844 temperamenta,
965 1777 1094 1836 mores,
1108 1778 1206 1822 rnor-

215 1851 264 1920 bi.
314 1849 424 1931 Hunc
445 1853 562 1922 locum
584 1855 710 1922 vellem
733 1856 956 1924 notissimum
977 1879 1049 1924 esse
1067 1855 1205 1924 studio-

216 1954 273 2026 sis.
326 1952 443 2040 Quare
466 1949 636 2024 adhortor
657 1957 795 2024 deditos
809 1955 963 2024 Graecae
979 1957 1139 2046 linguae,
1166 1969 1207 2024 ut

215 2079 292 2124 eam
317 2055 503 2124 lectiturcm
527 2057 684 2128 audiant.
736 2055 809 2128 Res
832 2059 925 2147 ipsas
949 2057 1020 2128 scio
1044 2059 1206 2148 profutu-

217 2181 274 2226 ros
310 2157 550 2241 auditoribus,
584 2171 619 2228 et
652 2158 828 2248 voluptati
861 2161 1007 2231 futuras.
1066 2157 1206 2228 Deinde

217 2260 348 2327 multae
372 2260 411 2326 iu
435 2285 475 2328 eo
493 2261 571 2328 loco
587 2272 672 2329 suut
688 2283 788 2329 voces
803 2261 978 2343 eruditae,
1004 2261 1207 2350 significau-

216 2375 267 2430 tes
282 2385 440 2446 morum,
472 2361 680 2430 morborum
703 2375 735 2430 et
759 2375 1118 2452 temperamentorum
1134 2363 1207 2430 dis-

216 2461 385 2541 crimina,
417 2487 568 2555 quarum
591 2487 718 2532 vocum
742 2465 993 2554 proprietatem
1011 2464 1206 2554 intelligere

215 2587 296 2654 pars
315 2577 365 2632 est
383 2563 605 2638 eruditionis.
656 2559 746 2658 (An.
766 2560 892 2660 1543.)

214 2969 410 3094 aare·

1066 2979 1207 3096 {Qu

551 3155 880 3238 Testimonium.

284 3332 394 3386 Editmn
428 3343 466 3386 est
490 3333 544 3386 hoc
570 3333 754 3386 testimonium
807 3343 838 3386 nt
859 3352 874 3389 a
898 3333 1016 3387 Luthero
1042 3335 1196 3402 profectum

319 3402 515 3458 ssetuutou
530 3402 606 3472 epta.
621 3371 813 3457 1.uu.v0l.t.
847 3402 946 3470 ere,
972 3403 1043 3456 unae
1059 3376 1207 3460 titia-asu?
1217 3449 1225 3459 ,

320 3473 353 3524 sit
374 3472 406 3523 de
421 3469 550 3523 Wettius
571 3473 598 3522 iu
618 3489 660 3554 ep.
680 3469 758 3524 Loth.
774 3470 807 3523 Τ.
823 3421 854 3526 D.
869 3490 895 3541 p.
909 3471 968 3527 ⁵92.
986 3500 1019 3544 ².
1057 3473 1207 3546 Descripsit

229 3553 232 3564 ’
316 3540 387 3594 illud
398 3539 539 3593 Schiitrins
551 3557 565 3592 e
579 3537 871 3608 codtce'fhornasiano‚
886 3541 932 3608 qui
947 3549 1039 3611 postea
1053 3541 1104 3594 fuit
1117 3543 1206 3596 llam·

317 3608 409 3674 melii,
428 3607 473 3678 qui
490 3615 599 3678 qnoque
614 3608 681 3662 illud
697 3625 727 3658 ex
741 3606 789 3661 ilio
802 3609 913 3676 codice,
930 3611 1052 3664 sedeatis
1068 3613 1206 3684 mendose,

319 3675 403 3730 edidit
416 3678 453 3742 (tn
467 3677 646 3740 betffitbttoth.
660 3691 710 3732 non
724 3677 829 3740 lrttttun
840 3679 956 3742 mittem
971 3679 1032 3732 Vol.
1043 3679 1076 3731 ΙΙ.
1090 3699 1115 3748 p.
1125 3681 1205 3748 teta.

320 3743 401 3800 Nunc
413 3745 457 3798 ille
471 3745 554 3799 codes
569 3755 607 3798 est
621 3745 649 3797 in
663 3743 786 3800 biblioth.
797 3745 974 3816 Monacensi,
990 3747 1035 3800 ubi
1051 3757 1089 3800 est
1102 3751 1164 3805 eod.
1177 3750 1204 3804 in

320 3816 366 3868 4²0
379 3814 474 3868 no.89.
489 3832 537 3869 no.
548 3811 607 3885 Vh,
626 3823 651 3866 et
665 3813 801 3934 legiturp.
811 3813 854 3869 99.
872 3843 906 3856 -
941 3815 1082 3870 Sehilttius
1095 3818 1203 3888 quidem

265 3913 271 3931 .
320 3882 422 3936 addidit
441 3881 682 3953 subscriptionem:
707 3881 745 3936 M.
790 3921 814 3950 .,
841 3883 893 3938 ie.
914 3885 1049 3938 Martinus
1063 3884 1205 3956 Luthecus,

319 3952 364 4006 sed
383 3969 412 4005 es
433 3952 606 4016 coniecturs;
637 3949 665 4004 in
686 3948 781 4006 codice
803 3969 858 4006 non
876 3953 997 4008 habetur.
1039 3953 1203 4028 Quanquam

319 4029 407 4075 autem
422 4020 607 4074 testimonium
622 4018 649 4072 in
664 4019 754 4074 fronte
766 4020 846 4074 habet
859 4020 1087 4094 nomenLutheri‚
1104 4027 1204 4096 quippe

319 4089 366 4141 illo
382 4101 503 4158 teutpere
513 4089 616 4143 Decani
632 4087 767 4143 facultatis
777 4089 990 4160 'flaeologorunq
1011 4101 1101 4144 tamen
1115 4113 1129 4148 a
1141 4093 1202 4145 Me·

243 4184 272 4208 ·.
320 4156 449 4210 leuthone
468 4157 656 4226 conscriptum
676 4169 731 4228 est,
762 4159 807 4228 qui
827 4157 957 4229 pleraque
977 4161 1129 4214 testimonia
1150 4181 1204 4232 pu-

212 4231 213 4235 ’
320 4227 390 4280 blica
402 4244 451 4279 suo
464 4223 570 4280 celime
584 4224 709 4282 exaravit.

215 4383 392 4458 Decimus
408 4373 572 4476 Collegit
588 4373 804 4452 Facultates
824 4377 1001 4477 Theolog.
1026 4382 1066 4452 in
1090 4359 1204 4457 Acad.

225 4479 545 4580 Wittenbergenst‘
559 4479 747 4552 Martia
758 4479 1089 4580 us'Lutherus,
1115 4481 1203 4556 Do-

218 4599 309 4672 ctor,
336 4582 597 4660 salutemdicit
613 4583 783 4656 omnibus
800 4583 945 4656 lecturis
959 4581 1032 4657 ltas
1051 4585 1204 4658 litteras.

215 4725 357 4816 Pulvis
375 4763 393 4808 a
408 4739 511 4807 uobis
526 4735 766 4806 testimonium
790 4737 834 4804 de
858 4736 930 4806 suis
952 4736 1095 4820 studiis,
1126 4763 1204 4807 mo-

1273 197 1383 274 LIB.
1417 199 1483 280 lx.
1536 195 1674 275 1648.

1254 375 1294 446 in
1328 374 1455 446 studiis
1486 375 1670 446 literarum
1706 375 1879 466 egregiam
1913 399 2058 470 operam
2088 401 2249 453 navasse.

1255 456 1470 570 Quanquam
1482 491 1610 562 autem,
1625 489 1667 547 ut
1677 491 1802 547 natura
1818 479 1955 549 eiusest
1965 503 2074 572 capax
2085 482 2249 552 omnium

1151 639 1152 646 ,
1256 580 1397 666 artium,
1421 603 1585 670 magnam
1600 579 1750 650 feliciter
1765 581 1890 650 didicit
1907 576 2150 673 philosophiae
2163 607 2250 675 par-

1256 697 1345 766 tem,
1379 696 1572 765 ettamen,
1610 682 1693 775 quia
1718 705 1799 752 vere
1821 697 1855 753 et
1879 696 1954 753 toto
1978 698 2119 775 pectore
2139 685 2251 775 sentit

1258 780 1454 854 humanum
1474 805 1584 874 genus
1606 807 1682 852 uon
1704 807 1777 852 esse
1792 809 1875 854 casu
1889 799 2026 870 ortum,
2058 787 2120 854 sed
2135 811 2154 855 a
2170 785 2250 858 Deo

1259 884 1462 968 conditum,
1494 899 1528 954 et
1545 882 1660 955 Deum
1683 909 1718 954 se
1742 873 1943 977 patefecisse
1967 887 2070 956 certis
2086 889 2259 972 testimo<

1259 988 1329 1056 niis
1353 987 1391 1054 in
1413 981 1480 1056 hoc
1500 1011 1574 1054 uno
1597 987 1776 1056 doctrinae
1797 1010 1940 1076 genere,
1973 990 2069 1080 quod
2086 1013 2148 1079 per
2163 1015 2253 1080 pro-

1258 1084 1398 1179 phetas,
1430 1083 1614 1156 Christum
1629 1102 1664 1157 et
1678 1091 1854 1179 apostolos
1870 1091 1952 1174 inde
1975 1112 2086 1182 usque
2109 1092 2153 1159 ab
2176 1091 2252 1158 ini-

1258 1191 1308 1260 tio
1325 1202 1408 1258 nota
1423 1189 1641 1258 successione
1661 1190 1831 1260 traditum
1846 1204 1897 1259 est
1909 1187 2106 1272 Ecclesiae,
2132 1193 2253 1262 studia
2345 1211 2346 1242 ³

1258 1291 1444 1383 praecipue
1469 1293 1512 1360 ad
1539 1293 1816 1390 cognoscendam
1842 1292 2039 1362 doctrinam
2064 1293 2252 1364 coelestem

1259 1393 1419 1482 contulit.
1448 1390 1497 1462 Ut
1509 1393 1619 1481 igitur
1634 1416 1833 1462 sermonem
1846 1388 2098 1484 prophetarum
2115 1409 2149 1464 et
2162 1419 2253 1484 apo·
2345 1409 2346 1482 ζ

1259 1496 1431 1564 stolorum
1454 1494 1634 1584 percipere
1659 1507 1793 1584 posset,
1823 1495 1962 1582 linguas
1986 1495 2110 1564 didicit
2132 1496 2253 1564 ebrai-
2345 1503 2346 1550 t

1257 1619 1332 1664 cam
1347 1607 1383 1664 et
1396 1617 1572 1684 graecam,
1601 1595 1733 1664 evolvit
1754 1609 1787 1666 et
1801 1597 1962 1666 omniurn
1977 1610 2174 1687 temporum
2191 1592 2254 1664 hi·
2345 1671 2346 1674 Ἴ

1257 1698 1401 1765 storiam
1432 1691 1721 1786 comprehensam
1752 1696 1863 1766 literis
1890 1699 2036 1767 ebraicis
2059 1699 2189 1787 graecis
2215 1712 2254 1769 et
2345 1765 2346 1780 ,

1257 1798 1395 1881 latinis,
1435 1798 1536 1867 cuius
1567 1797 1723 1886 cognitio
1747 1800 1791 1868 ad
1816 1799 2028 1868 erudiendas
2054 1812 2189 1869 mentes
2217 1813 2256 1870 et
2345 1861 2346 1896 ,

1259 1899 1515 1967 confirmandas
1537 1922 1637 1968 veras
1655 1901 1843 1990 opiniones
1858 1901 2053 1990 plurimum
2071 1903 2254 1976 conducit.

1257 1997 1456 2088 Diligenter
1473 2000 1609 2070 audivit
1626 2001 1835 2093 interpretes
1847 1998 2100 2093 prophetarum
2115 2015 2149 2072 et
2161 2027 2254 2094 apo-

1258 2103 1430 2171 stolorum
1448 2101 1487 2168 in
1504 2093 1570 2170 hac
1592 2097 1731 2187 schola,
1765 2115 1799 2173 e't
1819 2104 1972 2174 contulit
1995 2117 2128 2172 veteres
2148 2126 2251 2192 grae-

1258 2226 1317 2272 cos
1332 2215 1367 2272 et
1381 2183 1510 2272 latinos
1527 2203 1713 2294 scriptores
1729 2205 1774 2274 de
1790 2206 1953 2275 ecclesiae
1970 2205 2192 2294 dogmatibus
2217 2223 2255 2277 et
2345 2271 2346 2284 ,

1257 2305 1397 2397 piarum
1414 2305 1631 2398 synodorum
1648 2307 1803 2391 decreta,
1830 2321 1869 2378 ut
1886 2321 2019 2412 teneat,
2052 2307 2140 2400 quid
2162 2332 2254 2398 apo·
2345 2297 2346 2364 ἶ

1258 2407 1430 2476 stolorum
1448 2406 1589 2474 ecclesia
1606 2409 1750 2495 puriore
1767 2421 1877 2479 aetate
1892 2409 2056 2492 senserit,
2091 2421 2125 2478 et
2141 2409 2251 2478 deum
2345 2401 2346 2476 l

1258 2509 1358 2577 firma
1386 2507 1456 2576 fide
1483 2507 1649 2580 invocare
1680 2523 1715 2579 et
1747 2510 1835 2580 alios
1866 2524 1960 2581 recte
1981 2513 2108 2580 docere
2127 2511 2252 2600 possit.
2345 2501 2346 2580 i

1258 2607 1350 2680 Cum
1381 2609 1490 2698 igitur
1519 2609 1564 2678 ab
1594 2611 1810 2700 amplissimo
1838 2609 1971 2682 Senatu
1995 2609 2254 2702 Ratisponensi

1260 2713 1304 2781 ad
1320 2711 1519 2780 docendum
1535 2705 1771 2800 Evangelium
1786 2725 1930 2782 vocatus
1948 2728 2052 2795 esset,
2086 2737 2158 2782 aca
2180 2737 2252 2781 no-

1259 2813 1314 2881 bis
1330 2813 1477 2903 petitum
1495 2827 1600 2892 esset,
1634 2827 1674 2882 ut
1688 2815 1890 2884 testimonio
1906 2816 1944 2882 in
1967 2809 2098 2883 scholis
2117 2816 2252 2884 usitato

1260 2915 1581 2998 commendaretur,
1615 2914 1768 2984 libenter
1798 2910 1895 2985 hunc
1919 2915 2071 2986 Hieron.
2098 2911 2253 3010 Nepam
2345 2959 2346 2996 t

1260 3029 1403 3108 propter
1419 3015 1572 3105 optimos
1587 3015 1697 3107 ipsius
1712 3041 1827 3086 mores
1843 3033 1876 3087 et
1891 3019 2056 3086 eximiam
2077 3019 2252 3088 eruditio-

1261 3142 1341 3186 nem
1372 3119 1484 3206 gradu
1511 3119 1716 3210 ,doctoratus
1747 3119 1783 3186 in
1809 3115 2004 3209 Theologia
2032 3121 2251 3206 ornavimus,
2345 3163 2346 3210 ,

1260 3219 1367 3310 idque
1385 3213 1441 3287 his
1460 3219 1572 3287 literis
1587 3232 1773 3299 testamur,
1804 3235 1836 3288 et
1851 3219 1968 3289 Deum
1984 3235 2166 3291 aeternum
2184 3247 2250 3312 pa-
2345 3211 2346 3282 l

1260 3333 1347 3389 trem
1383 3319 1521 3388 domini
1556 3321 1668 3389 nostri
1703 3319 1783 3390 lesu
1811 3317 1964 3406 Christi,
2004 3323 2174 3416 quoniam
2209 3325 2248 3392 in

1257 3417 1443 3509 Evangelii
1475 3420 1589 3489 lucem
1620 3445 1700 3490 euru
1726 3424 1882 3494 traduxit
1907 3447 1946 3492 ac
1969 3427 2190 3494 voluntatem
2214 3424 2251 3494 ei

1257 3521 1373 3605 dedit,
1408 3535 1449 3590 ut
1473 3522 1530 3611 pie
1551 3523 1684 3592 servire
1698 3519 1875 3594 Ecclesiae
1890 3525 2025 3614 cupiat,
2051 3549 2251 3616 precamur,
2345 3607 2346 3610 Ἴ

1257 3636 1296 3692 ut
1310 3625 1453 3694 adiuvet
1468 3647 1566 3704 etam,
1600 3626 1890 3695 utministerium
1914 3627 1989 3696 eius
2012 3627 2058 3697 sit
2080 3627 2188 3696 foelix
2214 3644 2251 3700 et
2345 3611 2346 3682 ἶ

1257 3726 1428 3806 salutare,
1455 3725 1546 3797 sicut
1562 3726 1813 3818 scriptumest:
1843 3726 1940 3798 Deus
1954 3744 2022 3813 est,
2049 3721 2111 3824 qui
2126 3743 2167 3798 ut
2181 3731 2250 3798 ho·-
2345 3735 2346 3808 ς

1258 3851 1301 3896 na
1318 3827 1466 3896 velimus
1483 3827 1605 3911 efficit,
1638 3841 1672 3898 et
1695 3829 1847 3928 adiuvat·
1861 3843 1902 3900 ut
1914 3831 2134 3922 perficiamus
2152 3825 2248 3926 ὑπὲρ
2345 3843 2346 3854 ¹

1256 3933 1320 4021 τῆς
1337 3925 1524 4014 εὐδοκίας,
1552 3929 1575 4002 i.
1595 3953 1623 4002 e.
1643 3943 1683 4000 ut
1696 3931 1813 4024 aliqua
1831 3923 2124 4024 haiifips'rgeatm
2166 3932 2251 4001 Ma-

1257 4033 1348 4098 xima
1379 4031 1474 4108 euim
1500 4051 1581 4120 pars
1605 4053 1646 4120 ge

2168 206 2249 280 eoo

1695 4031 1744 4100 ri's
1770 4027 1935 4118 humaui,
1976 4035 2136 4104 furenter
2161 4059 2250 4103 eon·

1257 4145 1417 4200 temnens
1433 4128 1567 4215 Deum,
1601 4041 1734 4203 ruD‘in
1754 4133 1901 4218 scelera,
1934 4131 2250 4228 quibushorribi-
2345 4147 2346 4156 ’

1211 4285 1213 4291 1
1258 4232 1340 4301 liter
1352 4229 1447 4302 Deus
1463 4233 1637 4307 irascitur.
1689 4233 1760 4306 Sed
1783 4259 1828 4303 nc
1848 4249 1961 4305 totum
1984 4259 2093 4326 gentas
2116 4233 2248 4306 huma-

1257 4359 1343 4401 num
1359 4347 1488 4424 pereat,
1514 4335 1666 4426 excerpit
1679 4331 1775 4404 Deus
1791 4337 1928 4429 aliquos
1945 4339 1981 4406 in
1999 4336 2155 4407 Ecclesia
2171 4363 2248 4424 stra,
2345 4369 2346 4382 ¹

1257 4459 1320 4526 per
1335 4461 1424 4530 quos
1441 4431 1606 4506 salutaria
1624 4434 1766 4532 huut¹),
1796 4463 1859 4529 per
1876 4463 1964 4531 quos
1980 4435 2166 4527 Evangelii
2185 4443 2247 4510 lux
2345 4431 2346 4506 l

1257 4537 1325 4606 late
1349 4537 1542 4627 spargitur,
1560 4539 1609 4606 'et
1628 4540 1734 4609 multi
1756 4541 1800 4608 ad
1823 4541 2041 4630 agnitionem·
2055 4540 2121 4611 Dei
2145 4555 2178 4611 et
2199 4544 2244 4610 acl

1258 4637 1365 4707 vitam
1379 4653 1553 4707 aeternam
1568 4653 1757 4724 vocantur,
1784 4656 1929 4732 propter
1948 4667 2037 4736 quos
2060 4659 2248 4714 servantur

1258 4739 1418 4829 politiae,
1458 4764 1547 4832 quae
1576 4741 1664 4810 fiunt
1689 4737 1840 4832 hospitia
1864 4739 2052 4817 Ecclesiae.
2112 4742 2153 4812 ln
2177 4741 2245 4814 hoc

216 4849 315 4917 ribus
341 4856 374 4911 et
396 4839 583 4928 gradu'vir
606 4835 837 4921 venerabilis,
875 4839 1004 4926 pietate
1026 4852 1061 4907 et
1083 4841 1203 4908 erudi·
1257 4864 1405 4909 naturero
1429 4863 1501 4908 esse
1515 4839 1783 4934 Hieronymum
1798 4837 1949 4939 Nopum
1967 4869 2167 4936 speramus,
2197 4859 2245 4930 et,

216 4951 312 5020 tione
330 4941 508 5034 praeditus
526 4939 682 5027 egregia,
711 4935 845 5008 Ductor
857 4935 1108 5032 Hieronymus
1120 4935 1203 5012 No-
1256 4955 1294 5009 ut
1321 4965 1456 5031 semper
1480 4943 1509 5008 ei
1535 4943 1625 5012 adsit
1645 4941 1757 5028 Deus,
1798 4969 1934 5036 semper
1963 4969 2044 5016 eum
2072 4949 2245 5034 githernet
2345 4939 2346 5002 l

215 5073 302 5147 pus:
336 5047 373 5114 id
395 5041 424 5112 ei
442 5031 577 5109 summa
593 5039 852 5128 impertivimus
867 5040 1059 5113 voluntate.
1110 5039 1200 5112 Cuut
1255 5043 1380 5134 spiritu
1398 5057 1536 5126 sancto,
1569 5047 1744 5117 exanimo
1761 5071 1956 5140 precamur.
2009 5045 2244 5120 Postrctuoct
2345 5033 2346 5088 l

2345 5159 2346 5184 l

218 5153 310 5221 enim
335 5139 448 5216 in'his
462 5141 666 5230 regionibus
683 5141 771 5210 etin
788 5136 853 5210 hac
868 5137 1058 5210 Academia
1074 5165 1199 5234 magna

176 5263 179 5272 '
217 5277 294 5322 cum
321 5249 425 5318 liurde
448 5243 592 5328 vixerit,
634 5243 888 5334 comperimus,
928 5266 1008 5310 enm
1032 5237 1200 5327 honestis,

215 5355 333 5439 castis,
357 5348 505 5444 placidis
522 5372 561 5417 ac
576 5345 646 5440 piis
659 5345 818 5416 moribus
834 5344 1032 5437 praeditum
1049 5366 1141 5430 esse,
1166 5359 1201 5416 et

1255 5239 1470 5254 m

1288 5373 1314 5442 1)
1333 5371 1681 5462 succurrentium.
