4704 5804
206 156 355 300 ¹eres
794 199 1233 283 nersronanuu
1283 205 1396 288 ern
1428 207 1494 288 rx.
1547 205 1683 288 rese.
2184 213 2265 288 aas

225 398 353 457 natura
374 380 504 452 multas
527 399 599 449 esse
615 377 890 464 occultationes,
918 379 1161 456 simulationes
1182 391 1217 450 et
1255 403 1341 454 cem
1358 403 1519 452 mearum
1535 405 1656 452 rerum
1676 395 1824 470 statum,
1847 384 1893 454 de
1906 381 1995 456 meis
2008 381 2137 456 studiis
2151 407 2263 480 quae·

227 485 538 559 dissimulationes.
594 479 664 552 Sed
686 493 805 550 tamen
829 481 1043 572 sapientiae,
1076 483 1218 552 virtutis
1266 485 1347 554 dam
1363 484 1549 554 scribenda
1566 508 1640 554 esse
1658 487 1755 560 duxi.

151 640 152 644 ,
229 604 264 660 et
280 586 459 679 gratitatis
475 577 609 654 vestrae
632 595 704 667 est,
723 583 787 660 illo
809 598 959 672 negante
974 580 1218 654 vehementius
1367 584 1500 656 Vers'or
1525 586 1593 656 iarn
1619 589 1737 681 sesqui
1760 610 1863 665 anno,
1878 587 1918 656 in
1934 575 2126 659 Academia
2148 584 2263 658 Saxo-

229 693 372 762 instere.
423 685 514 757 Nam
536 685 567 755 si
588 685 744 770 lecisset,
779 688 995 778 approbante
1018 699 1078 756 aut
1101 709 1219 756 assen-
1267 687 1363 772 nica,
1394 687 1434 756 in
1457 708 1527 781 qua
1549 689 1775 762 mediocriter
1794 687 1863 760 Dei
1892 689 2063 760 beneficio
2097 691 2261 770 omnium
2340 679 2341 756 i

229 795 338 866 tiente
359 789 441 875 illo,
482 789 525 857 de
551 812 621 880 quo
653 787 897 878 suspicamini,
932 789 1034 858 fateri
1063 790 1220 872 auderet,
1267 789 1397 860 artium
1421 790 1538 860 stedia
1563 791 1703 862 florent.
1754 790 1824 862 Sed
1846 814 1909 882 ego
1932 813 1989 860 me
2009 791 2197 884 praecipue
2221 791 2263 860 in
2340 785 2341 844 ἶ

230 908 265 968 et
278 890 423 964 haberet
439 891 668 960 defensorem.
701 887 778 980 Ego
793 914 936 982 prorsus
951 891 1122 975 arbitror,
1143 889 1220 959 edi·
1268 891 1378 960 latina
1392 891 1533 982 lingua,
1557 893 1689 981 graecis
1705 892 1834 978 literis,
1859 908 1893 966 et
1915 886 2165 984 philosophiae
2187 893 2265 964 ele·

228 999 364 1068 tionem
378 990 646 1062 Erfurdiensem
670 1015 765 1077 esse,
787 1005 849 1062 aut
864 993 961 1062 illius
978 986 1221 1087 Typographi,
1268 993 1396 1062 mentis
1413 993 1572 1078 exercui,
1595 1006 1629 1064 et
1650 1019 1854 1088 quanquam
1868 993 1987 1066 minus
2007 1019 2115 1087 quam
2129 996 2263 1064 vellem
2340 1043 2341 1076 1

230 1099 295 1194 qui
313 1096 382 1167 suit
403 1096 443 1164 in
465 1091 701 1186 {Selfetbtittb
736 1106 769 1162 et
793 1119 889 1164 nnnc
910 1095 949 1163 in
972 1093 1132 1184 Regiene
1157 1095 1220 1162 illo
1269 1094 1421 1186 proieci,
1445 1107 1573 1165 tamen
1594 1119 1650 1165 me
1671 1121 1746 1166 non
1767 1097 1941 1188 poenitet,
1972 1109 2071 1167 tanta
2092 1097 2265 1168 varietate
2340 1155 2341 1196 ;

229 1203 308 1272 loco
330 1199 447 1268 vicina
467 1191 616 1269 habitat.
665 1193 840 1286 Consului
865 1198 987 1281 etiam,
1011 1210 1140 1266 utnon
1158 1197 1220 1264 da·
1270 1196 1450 1266 doctrinae
1465 1210 1627 1266 ornatam
1645 1192 1874 1268 Academiam
1889 1197 2036 1282 vidisse,
2072 1211 2108 1268 et
2129 1198 2266 1267 doctis-
2340 1215 2341 1270 t

230 1317 329 1373 retur
343 1314 456 1370 vester
474 1299 565 1368 liber
581 1291 742 1392 Georgia
759 1289 912 1384 Rham,
937 1295 1061 1380 †nam
1085 1299 1115 1365 is
1137 1321 1221 1366 mox
1270 1299 1441 1369 simorum
1464 1292 1653 1367 hominurn
1677 1299 1808 1370 iudicia
1831 1300 1875 1368 de
1897 1299 2020 1368 multis
2036 1300 2143 1370 rebus
2158 1298 2267 1370 audi·
2340 1329 2341 1378 ς

230 1406 383 1476 adferret
397 1403 441 1471 ad
457 1393 686 1486 Lutherum,
711 1401 773 1470 ubi
790 1401 948 1470 fortassis
971 1425 1083 1469 novae
1098 1399 1221 1490 dispu-
1270 1400 1371 1473 visse.
1431 1398 1501 1470 Sed
1533 1399 1574 1468 iu
1603 1394 1671 1470 hoc
1693 1425 1798 1472 cursu
1819 1400 2022 1470 studiorum
2044 1401 2269 1494 optimorum
2340 1397 2341 1452 ³

230 1507 381 1578 tationes
407 1500 673 1596 orirentur’'¹),
704 1500 845 1594 Lipsiae
875 1516 936 1572 aut
960 1501 1222 1591 Megdeburgae
1270 1497 1338 1570 hec
1363 1495 1456 1568 mihi
1478 1503 1668 1570 admodum
1694 1502 1961 1572 incommodum
1987 1515 2057 1586 est,
2083 1503 2181 1597 quod
2201 1527 2268 1596 pe-
2340 1523 2341 1558 t

231 1608 357 1680 excudi
370 1620 459 1676 esset
475 1605 551 1674 sine
567 1603 736 1698 cuiusque
749 1605 955 1679 offensione.
1006 1602 1136 1696 Spero,
1159 1625 1222 1670 vos
1271 1603 1375 1674 cunia
1390 1598 1482 1671 mihi
1498 1623 1572 1671 non
1590 1603 1745 1673 mittitur
1759 1603 1977 1695 tempestive.
2028 1601 2185 1674 illustris
2203 1629 2269 1674 co·
2340 1619 2341 1686 t

230 1709 387 1801 Lipsiam
403 1723 573 1778 venturos
587 1730 659 1775 esse
683 1709 727 1776 ad
743 1706 940 1789 nundinas,
965 1729 1035 1798 quo
1056 1699 1145 1774 mihi
1160 1728 1222 1772 ve·
1270 1727 1343 1774 mes
1365 1693 1603 1776 Wlltelmu's
1619 1705 1800 1795 promisit,
1826 1729 1863 1774 se
1877 1699 1969 1772 mihi
1984 1703 2132 1794 singulis
2148 1704 2268 1776 Fran·
2340 1747 2341 1798 t

231 1793 310 1881 nire
333 1833 471 1879 necesse
495 1824 564 1893 est,
588 1823 734 1900 propter
754 1811 933 1902 quandam
948 1808 1090 1876 stultam
1115 1829 1222 1897 spon·
1272 1800 1557 1877 cofordiensibus
1570 1806 1742 1876 nundinis
1755 1802 1805 1877 25
1824 1799 2058 1876 loachimicos
2070 1807 2269 1877 missurum

231 1913 369 1984 sionem
387 1907 417 2006 ²)
443 1911 494 1981 ibi
518 1908 746 1986 meiconsilii
763 1935 883 1981 causas
898 1909 998 1978 vobis
1014 1909 1173 1978 amanter
1188 1919 1223 1977 et
1272 1899 1380 1978 esse.¹
1406 1904 1578 1978 Nondum
1600 1920 1718 1977 autem
1742 1907 1946 2000 aprexitnis
1969 1909 2141 1978 nundinis
2162 1909 2270 2002 quic-
2340 1903 2341 1980 l

231 2015 372 2108 copiose
403 2037 595 2106 exponam,
629 2027 662 2082 et
691 2037 775 2098 ero,
807 2027 848 2084 ut
870 2034 964 2080 meas
996 2011 1115 2081 literas
1133 2009 1222 2080 honi
1272 2033 1379 2104 quam
1410 2011 1547 2100 accepi,
1581 2033 1646 2082 nee
1672 2033 1756 2080 vero
1789 2009 1934 2104 difficile
1964 2023 2035 2095 est,
2064 2010 2153 2094 tihi,
2186 2010 2270 2080 viro
2340 2031 2341 2078 t

232 2116 444 2200 consulatis,
470 2117 553 2208 quia
577 2115 674 2184 fideli
689 2115 808 2184 animo
824 2114 962 2197 scribo,
990 2111 1222 2182 etiamsinon
1270 2111 1461 2206 prudenti,
1493 2111 1710 2196 existimare,
1735 2135 1842 2206 quam
1870 2110 1999 2201 frigida
2020 2111 2092 2182 sint
2113 2107 2271 2182 hiberna

232 2221 408 2314 sapienter
432 2231 493 2288 aut
513 2217 653 2286 fortiter
675 2217 826 2286 scribere
849 2216 983 2288 videor.
1010 2213 1222 2307 ‚Tempora
1272 2215 1404 2308 absque
1418 2213 1578 2305 pecunia.
1631 2211 1752 2302 Quare
1767 2227 1801 2283 te
1815 2236 2029 2306 magnopere
2043 2238 2119 2298 ore,
2139 2228 2181 2285 ut
2199 2237 2270 2306 pro
2340 2211 2341 2276 l

232 2335 315 2393 sunt
329 2319 552 2415 Tyrannica,
578 2319 708 2411 quibus
732 2319 864 2388 multae
879 2316 1032 2388 iniuriae
1046 2317 1223 2408 sapienter
1272 2329 1331 2386 tua
1341 2337 1429 2411 ¹erga
1440 2339 1496 2384 me
1512 2315 1757 2386 benevolentia
1771 2329 1807 2385 et
1821 2327 1883 2385 tuo
1899 2315 2106 2406 gravissimo
2122 2317 2169 2386 de
2192 2329 2270 2386 stu·
2340 2331 2341 2396 j

231 2425 435 2496 tolerandae
461 2435 495 2490 et
524 2421 692 2509 tegendae
722 2435 823 2504 sunt,
861 2417 904 2488 ld
927 2442 990 2509 ego
1014 2423 1114 2510 s‘aepe
1145 2417 1223 2487 feci.
1274 2418 1344 2488 diis
1366 2417 1517 2501 iudicio,
1541 2417 1717 2488 illustrem
1739 2415 1903 2488 comitem
1925 2419 2115 2488 admoneas
2136 2419 2183 2487 de
2204 2440 2272 2508 pe-
2340 2405 2341 2492 i

231 2525 331 2597 Bene
354 2539 388 2595 et
416 2522 568 2593 feliciter
595 2522 720 2594 valete.
778 2520 875 2592 Deus
897 2534 1079 2606 aeternus,
1117 2517 1224 2589 Pater
1275 2519 1378 2589 cunia
1392 2518 1578 2616 mittenda.
1627 2517 1749 2590 Potest
1770 2531 1887 2588 autem
1904 2543 1968 2610 per
1982 2511 2142 2589 Eebts'os
2157 2515 2274 2590 Colo-
2340 2549 2341 2592 t

233 2627 384 2700 Domini
399 2625 512 2695 nostri
529 2623 607 2694 lesu
622 2619 775 2704 Christi,
798 2636 896 2714 regat
910 2636 944 2693 et
966 2635 1081 2693 servet
1100 2645 1166 2692 vos
1190 2634 1226 2690 et
1275 2621 1524 2691 niensescerto
1541 2620 1803 2700 transmittere,
1837 2645 1926 2714 qnos
1940 2635 1975 2692 et
1996 2620 2134 2690 illustri
2144 2620 2273 2691 comiti
2340 2627 2341 2648 ²

158 2783 170 2795 ,
231 2731 326 2800 filios
348 2740 503 2813 vestros,
542 2726 625 2821 qui,
663 2726 775 2817 ipsius
805 2723 874 2797 Dei
904 2724 1094 2810 beneficio,
1135 2725 1226 2795 hene
1277 2735 1312 2794 et
1335 2722 1530 2794 tibinotes
1555 2745 1723 2792 essenon
1749 2721 1888 2796 dubito.
1939 2719 2058 2817 Atque
2079 2723 2129 2794 ita
2151 2745 2275 2794 comes
2340 2749 2341 2798 3

232 2833 363 2906 valent.
1277 2816 1456 2921 Philippo
1473 2816 1725 2894 Melantdoni
1737 2846 1834 2916 spem
1847 2823 1947 2908 fecit,
1972 2847 2007 2893 se
2024 2849 2089 2916 per
2104 2817 2273 2894 Echts'os
2340 2827 2341 2854 ³

428 2937 433 2952 “
883 2983 886 2989 -
972 2925 1174 3022 Philippus.
1277 2927 1464 3020 pecuniam
1477 2924 1669 2997 missurum
1691 2948 1775 2995 esse.
1826 2922 2000 3014 Magnum
2023 2928 2132 2996 addes
2157 2929 2273 2996 bene-
2340 2931 2341 3020 ξ

1277 3028 1400 3114 ficium
1414 3028 1459 3096 ad
1472 3039 1605 3097 caetera
1622 3042 1680 3098 tua
1696 3027 1842 3111 merita,
1867 3027 1898 3096 si
1913 3020 2004 3096 hanc
2017 3052 2093 3098 rem
2110 3029 2275 3120 perfece-
2340 3057 2341 3064 ¹

1278 3131 1339 3204 ris.
1389 3127 1462 3199 Nec
1476 3153 1559 3200 vero
1574 3130 1816 3200 difficultatem
1832 3151 1994 3218 magnam
2009 3130 2086 3199 fore
2101 3130 2274 3202 arbitror.

1226 3271 1231 3282 κ
1278 3225 1368 3300 Nam
1385 3231 1523 3300 comitis
1538 3231 1756 3302 voluntatem
1779 3231 1951 3322 optimam
1966 3253 2040 3300 esse
2062 3231 2146 3301 scio.
2199 3230 2275 3303 Sed
2340 3243 2341 3318 g

241 3295 455 3428 Q
1018 3322 1023 3328 ¹
1066 3295 1220 3413 Q
1280 3333 1319 3400 in
1344 3345 1440 3402 tanta
1469 3333 1697 3423 negociorum
1725 3333 1893 3402 varietate
1929 3333 2176 3404 admonendus
2207 3345 2277 3408 est.

1278 3431 1376 3504 Bene
1396 3433 1495 3520 vale,
1551 3432 1741 3504 Dominica
1771 3447 1851 3526 pest
1884 3433 2105 3507 nativitatem
2134 3429 2276 3506 Christi

541 3479 599 3563 H·
628 3475 915 3591 Nelffll'lgero·
962 3588 967 3597 ,
1017 3515 1020 3520 ’
1279 3559 1375 3606 anno
1399 3531 1510 3610 1544.

302 3619 326 3692 †
344 3618 381 3672 Es
393 3621 553 3692 apographis
572 3623 601 3676 in
615 3621 678 3676 cod.
694 3623 804 3678 Monac.
818 3622 863 3677 88.
879 3621 933 3678 Ne.
949 3621 995 3679 lv,
1011 3641 1039 3696 p.
1054 3624 1098 3680 28.
1116 3634 1143 3681 et
1161 3615 1227 3684 cod:

339 3689 451 3744 Menae.
467 3689 512 3746 90.
525 3692 578 3748 No.
591 3691 653 3745 Vll.
665 3711 692 3764 p.
705 3690 790 3746 seth.

379 3773 511 3848 (Epistola
526 3775 661 3850 discipulo
675 3777 841 3850 praescripta
853 3797 868 3832 a
881 3775 931 3835 Ph.
945 3778 1092 3848 Melanth.)

235 3905 387 4012 Optimo
412 3919 444 3980 et
462 3891 694 4006 integerrimo
708 3906 878 3982 Domino
898 3908 1085 3989 Hieron.
1100 3909 1229 3988 Neu·
1279 3947 1346 4021 No·
1362 3948 1477 4024 2829.
2103 3955 2162 4036 (m.
2181 3949 2280 4034 nm)

287 4012 475 4108 ringer,
497 4011 1026 4113 petronostams'coeolendo,
1072 4012 1179 4090 SJt
1287 4043 1459 4074 Μ
1803 4107 1810 4114 ¹
1972 4021 1979 4026 '
2095 4043 2274 4073 »om
2340 4011 2341 4068 ἶ

237 4133 337 4221 Cum
352 4149 556 4230 abineunte
579 4161 690 4219 aetate
715 4163 776 4219 tua
799 4172 879 4238 erga
902 4173 957 4218 me
981 4149 1229 4218 benevelentia
1697 4129 1753 4216 N.
1784 4129 1842 4217 Ν.
1881 4215 1886 4218 .

237 4251 360 4320 mullis
374 4244 523 4318 mihiffl
540 4250 876 4342 olficllsperspecla,
902 4263 937 4318 et
953 4249 1024 4318 iam
1045 4273 1109 4340 Pes
1133 4263 1230 4319 ‘ieta‘
1348 4291 1400 4346 Frs
1450 4301 1542 4348 entem
1560 4311 1575 4348 e
1594 4290 1689 4346 istolae
1707 4311 1737 4346 ex
1749 4292 1777 4348 S.
1791 4291 1823 4348 V.
1833 4290 2008 4348 Olslsansenii
2026 4256 2197 4350 collectione¹
2248 4296 2280 4352 ni
2340 4295 2341 4352 j

238 4366 309 4423 lem
331 4351 458 4420 mellus
487 4349 682 4439 intelligam
712 4367 792 4422 luas
820 4351 985 4436 Virtutes,
1017 4372 1229 4442 magnopere
1380 4359 1524 4432 ascripsit
1548 4311 1608 4415 eain
1625 4361 1804 4444 ,descriptam
1821 4379 1880 4444 epse
1897 4364 1978 4426 ’,μω
2002 4363 2066 4416 dem
2084 4313 2281 4418 Melantioii-
2340 4393 2341 4398 =

237 4453 429 4524 amicitiam
444 4466 542 4522 tuam
556 4453 710 4522 retinere
733 4453 849 4544 cupio.
901 4451 1021 4541 Quare
1037 4452 1229 4542 primuma
1381 4427 1465 4552 §⁶⁸⁰⁰
1484 4427 1677 4552 ⁰2¹¹“l'¹⁰N¹¹¹
1701 4430 1751 4520 ‘¹²5
1773 4429 1929 4550 {lbffl‘k
1952 4429 1999 4484 ‘¹²⁵
2017 4429 2282 4488 demetientem
2340 4457 2341 4498 ³

157 4556 162 4562 ’
238 4569 272 4626 te
290 4568 392 4646 peto,
415 4567 458 4624 ut
472 4549 564 4622 mihi
578 4553 719 4624 veniam
738 4557 816 4640 des,
842 4557 938 4648 quod
952 4551 1122 4625 haetenus
1136 4549 1230 4622 nihil
1381 4499 1756 4648 eiiiiirhitdinpoiiihim
1776 4507 1871 4649 edili
1887 4497 2283 4642 liticeriliiiiuedllrinlelg',
2323 4521 2331 4540 ι

238 4658 423 4728 literarum
444 4657 546 4725 adte
568 4655 661 4723 misi.
711 4652 850 4725 Deinde
871 4657 996 4741 velim,
1022 4655 1070 4726 ita
1088 4668 1231 4735 statuas,
1383 4633 1465 4704 ΒΨ·
1488 4631 1594 4716 Gallae·
1614 4644 1760 4702 mercem,
1786 4653 1817 4689 ‘⁶
1839 4634 1958 4701 ''sm'’
1982 4637 2168 4694 dusmense.
2213 4639 2282 4694 vit.

239 4783 296 4828 me
326 4781 463 4828 summa
490 4780 570 4826 cum
598 4757 815 4846 gratitudine
845 4757 956 4825 enimi
970 4749 1232 4827 -heneficierum
1382 4719 1425 4772 ep.
1443 4701 1477 4756 ad
1494 4701 1664 4774 simun
1682 4703 1710 4758 d.
1729 4705 1771 4760 10.
1788 4702 1879 4760 Μ’
1988 4819 2000 4826 .

183 4861 186 4876 “
240 4875 386 4933 tuorum
408 4858 617 4928 memoriam
639 4873 810 4949 perpetuo
833 4863 1123 4929 conservaturum
1149 4879 1232 4930 esse,
1282 4825 1375 4913 Non
1388 4853 1502 4932 potest
1516 4853 1595 4934 apte
1610 4845 1873 4915 accommodari
1886 4847 1931 4916 ad
1947 4859 2069 4919 nostra
2086 4852 2284 4924 certamina

240 4959 289 5034 Et
307 4960 477 5058 queniam
501 4983 576 5028 non
595 4959 740 5041 dubito,
767 4973 800 5030 te
821 4959 1020 5054 requirere,
1044 4973 1086 5032 ut
1099 4959 1232 5049 signifi·
1285 4941 1481 5034 exemplum
1499 4940 1895 5040 βατραχομυομαχίας.
1910 4947 1994 5042 qula
2011 4949 2185 5042 significat
2203 4978 2284 5025 ccr-

1285 5057 1406 5114 tamen
1432 5043 1473 5112 in
1494 5055 1644 5138 utreque
1667 5061 1766 5138 parte
1788 5063 1928 5136 ortum,
1950 5073 2026 5120 non
2044 5069 2193 5146 propter
2217 5080 2285 5127 ne-

279 5227 306 5289 l)
325 5221 411 5277 ilabet
425 5217 506 5286 haee,
522 5235 592 5290 quae
605 5215 687 5272 Ssub.
701 5233 757 5269 non
770 5215 868 5276 edidit.
880 5211 921 5272 Ἀ.
934 5217 971 5272 l).
1287 5143 1471 5214 cessariam
1496 5144 1657 5238 aliquam
1674 5171 1834 5235 causam’
1859 5152 1921 5220 sed
1946 5166 2092 5246 propter
2112 5158 2283 5228 ambitio*

277 5309 307 5378 2)
327 5306 463 5360 Videntur
481 5321 539 5357 esse
557 5299 691 5374 sponsalia
710 5297 758 5354 filii
776 5296 894 5372 Philippi
919 5319 981 5356 eum
1007 5301 1097 5372 puella
1114 5303 1236 5358 Krene.
1288 5267 1381 5319 nem·
1432 5242 1708 5338 Significalergo
1721 5251 1933 5368 Plerumque
1948 5249 2088 5370 ‚Regum
2102 5257 2209 5380 bifida,
2235 5261 2286 5380 Sl·

312 5375 397 5448 Qtrod
415 5373 439 5428 si
456 5371 493 5427 ita
511 5383 565 5432 est,
583 5367 696 5443 epistola
714 5377 827 5424 usunts
844 5385 918 5422 anno
938 5367 1013 5424 1543.
1031 5371 1198 5442 scriptsest.
1259 5413 1262 5427 ,
1289 5359 1348 5418 tul
1363 5339 1430 5417 hoc
1444 5345 1732 5440 lemporeCdrolt
1750 5349 2288 5454 lmperdlot'tselffllltcffiegtt

948 5694 1091 5758 A,
