4670 5806
214 179 290 256 us
797 169 1232 251 nrrsromuoss
1288 171 1393 252 mu
1426 129 1490 254 rx.
1544 173 1673 254 1⁵44.
2180 173 2256 252 sss
2323 157 2324 232 ἒ

219 349 275 424 De
300 373 368 443 qua
393 371 540 441 prorsus
565 371 639 418 nou
666 345 820 438 impedio
845 342 985 418 Sabim·
1015 347 1215 432 consilium,
1261 347 1359 420 nulla
1376 343 1744 440 homaoaopcsanari
1761 360 1887 438 potest.
1944 343 2109 442 Cumque
2129 349 2170 418 in
2189 345 2261 420 hoc

220 453 424 546 placetque,
448 449 789 533 utdeaocillafiat,
815 451 1016 543 quodvult.
1074 447 1166 520 Nam
1183 449 1215 518 ei
1261 464 1359 522 tanto
1393 473 1503 520 essem
1534 473 1716 533 moerore,
1756 449 1902 521 accessit
1934 449 2085 520 alterum
2117 453 2261 538 vulnus,

221 577 321 625 nunc
353 553 497 646 quidem
531 573 606 619 nou
637 551 870 636 adversabor,
911 575 957 622 ne
990 573 1103 622 novae
1135 551 1216 620 lites
1262 555 1357 646 quod
1381 553 1452 620 viri
1476 547 1602 643 optimi
1625 566 1660 620 et
1682 549 1786 622 nohis
1809 549 2014 620 amicissimi
2035 549 2263 647 Hieronymi
2324 606 2325 642 ,

223 657 405 737 oriantur,
445 676 485 722 ac
508 651 629 720 malim
651 654 746 744 apud
770 653 878 722 tiliam
907 675 1116 744 puerperam
1143 675 1215 722 esse
1262 649 1530 747 Bomgortneri
1550 653 1727 723 calamitas
1751 651 1856 722 nobis
1877 652 1978 736 fecit,
2009 653 2055 722 de
2074 678 2145 748 quo
2169 655 2259 748 quid
2324 655 2325 692 ³

225 757 410 828 mulierem
441 747 662 824 humanitate
693 754 812 848 aliqua
838 756 985 826 naturae
1011 754 1216 846 praeditam,
1263 755 1317 826 vel
1332 755 1489 847 consilii,
1520 755 1578 826 vel
1590 755 1665 846 spei
1679 754 1772 823 cives
1785 753 1893 824 vestri
1906 748 2079 850 habeant,
2108 777 2261 846 magno-

167 915 176 946 ,
227 881 332 954 quam
355 855 574 924 barbaricam
596 849 660 926 καὶ
680 853 880 953 ἄστοργον.
1261 881 1343 950 pere
1366 857 1470 947 cupio
1493 855 1595 926 scire.
1644 853 1808 948 Nosque
1831 867 1930 946 parte
1951 854 2066 926 nostri
2087 857 2262 946 opitulari

327 955 381 1026 De
395 945 645 1048 Cohorgmsis
661 952 800 1026 scholae
819 959 1073 1046 gubernatore,
1098 981 1142 1028 eo
1157 957 1216 1025 ni·
1262 959 1296 1028 ei
1317 958 1528 1050 possumus?
1587 955 1703 1028 Deum
1732 969 1915 1028 aeternum
1939 953 2081 1028 Patrem
2106 955 2263 1029 Domini

226 1055 281 1130 hil
303 1060 477 1147 agendum
502 1070 580 1147 post
601 1073 703 1128 tuum
724 1059 859 1128 abitum
883 1059 1024 1145 censui,
1055 1059 1139 1153 quia
1154 1053 1216 1128 Si-
1262 1061 1377 1132 nostri
1392 1057 1473 1132 lesu
1486 1053 1621 1132 Christi
1636 1083 1720 1140 oro,
1754 1071 1794 1129 ut
1810 1081 1891 1130 eum
1907 1057 2010 1128 vobis
2026 1059 2185 1132 etnobis
2200 1085 2262 1132 re-

227 1183 312 1230 moo
334 1160 395 1228 ille
409 1152 677 1256 Lichtcselsius
692 1160 809 1230 statim
825 1173 944 1252 postea
960 1160 1117 1253 scripsit,
1148 1158 1216 1230 sibi
1262 1161 1395 1235 stituat.
2325 1199 2326 1226 ι

225 1275 344 1356 partes
367 1261 486 1331 nescio
511 1283 597 1353 quas
621 1260 661 1329 in
684 1257 804 1332 schola
825 1263 1008 1332 mandatas
1024 1285 1118 1348 esse,
1152 1261 1217 1331 etsi
1364 1260 1482 1352 Quem
1495 1284 1682 1356 possumus
1696 1259 1880 1332 nominare
1893 1259 1969 1330 ulla
1982 1259 2124 1332 iuurbe
2138 1261 2261 1332 civem
2325 1343 2326 1346 Ἴ

226 1375 341 1435 otest
360 1355 612 1458 μεμψίμοιρος
633 1374 668 1433 et
688 1363 874 1448 delicatus,
907 1363 1069 1456 queritur
1083 1353 1217 1455 scipin-
1263 1365 1313 1436 sic
1333 1363 1500 1436 meritum
1521 1366 1566 1434 de
1580 1359 1673 1455 Rep.
1690 1363 1729 1431 in
1745 1361 1845 1431 omni
1861 1383 1989 1452 genere
2002 1364 2262 1451 negociorum?

227 1466 414 1536 diumesse
427 1462 580 1548 tenuius,
597 1487 704 1556 quam
720 1477 893 1557 quantum
907 1464 1109 1555 expectavit.
1147 1463 1215 1538 Sed
1263 1465 1411 1538 Summa
1442 1465 1511 1536 bdc
1543 1479 1578 1538 et
1610 1462 1799 1556 prodentia
1825 1463 2087 1534 administravit
2110 1465 2260 1556 politica

228 1565 403 1659 explorari
423 1565 589 1635 voluutas
605 1561 887 1654 Coburgensium
910 1565 1059 1658 poterit,
1091 1589 1139 1636 an
1155 1588 1216 1635 ve-
1262 1590 1422 1638 munera.
1481 1565 1588 1638 Fovit
1602 1563 1796 1638 Ecclesiam
1811 1559 1895 1649 Dei,
1928 1563 2021 1634 iuvit
2038 1566 2157 1636 studia
2175 1565 2261 1636 lite-

227 1669 297 1738 lint
313 1666 409 1737 mitti
426 1661 566 1736 scholae
580 1665 863 1756 gubernatorem.
1262 1691 1402 1754 rarum,
1433 1668 1520 1740 texit
1536 1669 1629 1739 cives
1643 1689 1831 1760 pauperes,
1863 1659 2050 1736 abhorruit
2064 1689 2085 1736 a
2100 1667 2262 1738 factiosis
2326 1679 2327 1688 ’

329 1755 511 1838 Catulum
531 1763 782 1860 imperatorem
805 1766 1001 1838 discessisse
1016 1763 1120 1857 Spira
1142 1789 1219 1834 cer·
1264 1769 1441 1856 consitiis,
1473 1770 1610 1840 nullam
1632 1769 1700 1840 sibi
1723 1765 1918 1862 potentiam
1939 1766 2132 1859 quaesivit,
2162 1763 2262 1838 nihil

227 1884 305 1944 tum
334 1881 403 1949 est,
443 1882 479 1940 et
508 1865 729 1960 catastrophe
761 1883 973 1954 conventus,
1010 1863 1079 1938 Dei
1110 1867 1219 1936 bene-
1263 1865 1500 1970 ὀλιγαρχικὸν
1524 1866 1661 1942 habuit.
1724 1868 1909 1940 Praeterea
1931 1867 2133 1938 eruditione
2158 1882 2262 1944 tanta

217 1971 325 2056 flcio,
351 1969 489 2064 placida
508 1968 589 2045 init.
628 1962 798 2066 λώφησιν
820 1969 927 2042 edicti
943 1964 1146 2060 Augustani
1164 1969 1219 2040 ia·
1263 1974 1443 2066 praeditus
1465 1986 1533 2058 est,
1562 1984 1603 2042 ut
1623 1970 1746 2058 nobis,
1777 1969 1841 2064 qui
1860 1969 1900 2039 in
1915 1963 2045 2042 Schola
2063 1993 2262 2060 versamur,

226 2087 318 2162 ctam
339 2093 412 2142 esse
438 2070 612 2162 intelligo.
676 2067 726 2144 Et
749 2083 897 2146 narrant
916 2071 1115 2144 orationem
1143 2066 1186 2144 V
1182 2093 1217 2139 c·
1263 2075 1367 2165 longe
1400 2073 1605 2158 antecellat,
1651 2086 1686 2144 et
1718 2071 1929 2144 domesticae
1960 2070 2109 2142 virtutes
2137 2072 2181 2142 in
2214 2097 2260 2144 eo
2327 2099 2328 2142 ι

226 2170 377 2267 ningeri
388 2173 497 2245 luisse
512 2174 656 2264 dignam
670 2173 749 2244 viro
764 2174 869 2262 forti,
899 2173 964 2270 qui
982 2197 1049 2266 pro
1069 2166 1136 2244 hac
1149 2169 1218 2242 Ca·
1263 2199 1386 2246 omnes
1406 2187 1510 2260 sont,
1542 2198 1633 2268 quae
1655 2175 1752 2245 bono
1781 2173 1859 2242 viro
1888 2172 2132 2244 attribuendae
2160 2189 2258 2250 sunt.

225 2276 296 2346 coli
315 2275 537 2364 mitigatione
561 2275 650 2344 dixit
673 2277 840 2348 adversus
863 2275 1072 2368 Mogontini
1099 2287 1219 2344 orato-
1238 2271 1245 2394 j
1262 2276 1445 2348 Postremo
1461 2272 1551 2346 mihi
1565 2277 1615 2346 sic
1628 2290 1680 2347 est
1694 2275 1844 2359 amicus,
1868 2286 1999 2344 utnon
2013 2273 2132 2345 minus
2147 2301 2258 2368 quarn

225 2401 313 2451 rem.
364 2373 462 2446 Bene
484 2390 519 2447 et
540 2377 691 2448 feliciter
708 2377 797 2446 vale.
848 2376 946 2448 Tuas
963 2377 1098 2448 litteras
1114 2399 1218 2466 expe·
1263 2380 1407 2450 fratrem
1429 2379 1650 2468 diligendum
1672 2377 1872 2446 iudicarim.
1920 2370 1969 2444 Et
1990 2375 2098 2444 dilexi
2120 2378 2261 2468 praeci-
2328 2440 2329 2444 ,

225 2493 302 2564 cto,
327 2491 362 2548 et
378 2475 494 2549 Deum
512 2502 594 2564 oro,
619 2491 661 2548 ut
674 2493 709 2550 te
726 2490 761 2549 et
774 2491 855 2549 tuos
871 2490 1002 2564 servet,
1033 2501 1072 2546 ac
1087 2473 1218 2546 Hiero·
1262 2505 1332 2573 pue
1346 2493 1492 2573 propter
1506 2480 1617 2570 ipsius
1631 2475 1872 2548 Excellentem
1888 2476 2066 2552 virtutem.
2328 2449 2329 2498 ¹

223 2603 334 2676 nymo
353 2575 493 2651 etmihi
509 2593 647 2652 nostras
662 2580 877 2650 calamitates
893 2580 1040 2669 mitiget.
1066 2579 1125 2648 die
1140 2573 1218 2652 ioh.
1364 2579 1473 2652 Hunc
1493 2581 1599 2652 talem
1618 2579 1736 2650 virum
1759 2592 1794 2650 et
1813 2578 1989 2662 amicum,
2013 2590 2085 2648 tam
2105 2577 2258 2668 indigno

224 2680 415 2774 Baptistae.
1264 2705 1347 2754 casu
1361 2685 1484 2753 venire
1497 2683 1538 2752 in
1553 2681 1743 2752 discrimen
1757 2703 1953 2765 summum,
1984 2701 2058 2748 non
2077 2679 2260 2750 dolerem?

883 2777 978 2858 Phil.
992 2775 1169 2852 Melanth.
1264 2782 1376 2876 Spero
1397 2785 1579 2878 equidem,
1616 2779 1734 2852 Deum
1755 2783 1936 2852 custodem
1959 2779 2034 2850 cius
2053 2781 2154 2866 sore,
2194 2783 2259 2874 qui

328 2921 744 3019 GeorgiumDaschiom
760 2930 895 3002 misisse
909 2931 979 3002 iam
993 2946 1131 3003 nostras
1143 2933 1219 3024 epi·
1264 2887 1331 3004 ψ’
1363 2885 1592 2978 utpupfflam
1610 2884 1729 3002 imni
1753 2883 1801 2954 im
1819 2881 2019 2998 “smmi
2035 2905 2117 2952 ³⁰⁰⁵
2137 2897 2259 2954 ⁰⁰⁸¹sp
2329 2898 2330 2992 l

1264 2989 1359 3073 due,
1383 3001 1416 3058 et
1430 3001 1472 3058 ut
1487 2989 1680 3068 custodiat,
1707 3009 1781 3060 oro.
1839 2983 1911 3056 Sed
1926 2983 2124 3076 periculum
2141 3008 2259 3078 quan-

224 3035 331 3106 stolas
352 3034 397 3102 ad
420 3025 742 3126 Mersporgenscm
768 3029 975 3104 Antistitem
992 3027 1031 3128 ⁴⁸)
1054 3035 1218 3104 arbitror.
1263 3102 1279 3160 t
1376 3089 1384 3105 .

225 3134 359 3227 Scripsi
382 3157 421 3204 ea
442 3156 532 3226 quae
554 3133 754 3204 arbitrabar
774 3157 915 3204 caussae
932 3135 1119 3224 profutura
1134 3157 1218 3206 esse.
1280 3113 1339 3162 ¹¹¹⁰
1356 3101 1688 3284 δὲὶἓιὶἰῖυῑζὸὸεδο,
1720 3186 1891 3282 quicquid
1909 3185 2091 3277 explorare
2111 3186 2259 3276 pomi&

224 3235 279 3315 Ac
308 3249 499 3306 venturum
526 3255 600 3302 esse
625 3235 726 3304 brevi
752 3237 797 3303 ad
821 3257 886 3306 nos
908 3234 1216 3328 Merspurgensem
1263 3285 1288 3372 †
1313 3288 1496 3361 Postremo
1511 3304 1545 3362 et
1561 3286 1627 3359 hoc
1642 3314 1717 3359 oro·
1765 3285 1879 3359 Debet
1898 3283 2258 3358 Athea-„oeconomo

152 3391 161 3400 ,
224 3337 433 3412 Antistitem
465 3333 600 3420 audio,
648 3336 713 3406 ubi
746 3359 865 3406 coram
902 3336 997 3406 idem
1031 3337 1217 3428 negocium
1263 3391 1403 3482 collegii
1424 3393 1539 3462 nomi
1560 3387 1715 3462 Ulmus
1738 3381 1907 3460 Flaccus.
1955 3383 2046 3460 Eam
2068 3389 2257 3479 pecuniam

223 3463 336 3532 agam.
653 3479 655 3484 ·
1360 3493 1369 3510 .
1469 3494 1478 3510 .
1771 3491 1779 3507 .
1872 3489 1879 3506 .
2077 3487 2084 3502 .
2246 3491 2255 3506 .

1264 3517 1306 3562 ex
1326 3495 1522 3584 strpeudso,
1554 3493 1651 3586 quod
1671 3493 1798 3584 pendit
1818 3485 2006 3561 Nicoluus
2026 3483 2142 3558 Erret
2164 3488 2256 3558 solos

1226 3691 1232 3708 .
1263 3617 1382 3682 cures;
1412 3619 1453 3665 ac
1475 3595 1672 3664 cavendum
1693 3607 1760 3676 est,
1789 3617 1835 3661 ue
1855 3592 1951 3707 quod
1968 3585 2118 3660 Alberto
2137 3591 2256 3662 decidi

202 3775 290 3852 u..
306 3773 420 3852 2⁹⁷0·
1045 3779 1217 3900 Q
1263 3695 1449 3868 iiiiii&
1459 3707 1664 3868 ..iiiiii
1675 3687 2181 3888 iti‘tt‘btttbdt?
2191 3707 2256 3864 tt

228 3871 401 3905 „a
1263 3899 1501 3970 aliterisoon
1518 3891 1696 3971 abhorret.
1748 3895 1906 3985 Quaeso,
1930 3889 2079 3966 uthaoc
2096 3917 2174 3964 rem
2190 3919 2254 3988 pm

559 3951 612 4046 V·
644 3955 842 4042 Ulffldm‘
842 3986 880 4041 ⁰·
1263 4015 1323 4072 tua
1342 4000 1530 4093 prudentia
1553 4011 1713 4070 accurate
1733 4020 1826 4088 agas.
1888 3994 1980 4067 Nam
2004 3996 2187 4090 quomodo
2210 3997 2255 4068 sit

291 4119 660 4196 epmus.1v.p.res·qq.
678 4151 715 4166 -
749 4119 1023 4194 tticusutognpto
1036 4119 1216 4178 incohato·
1262 4103 1395 4192 agenda
1411 4116 1450 4176 tu
1465 4101 1591 4188 melius
1607 4100 1766 4173 iudicare
1782 4091 1925 4191 poteris.
1969 4095 2143 4168 Fortassis
2166 4099 2254 4170 saci-

323 4209 384 4248 ¹¹¹⁶·
398 4191 419 4245 ¹·
432 4209 460 4262 Ρ·
473 4189 534 4248 ⁵⁹⁰·
1261 4202 1344 4272 lima
1359 4204 1415 4274 via
1430 4217 1536 4288 esset,
1560 4202 1590 4272 si
1608 4201 1742 4272 curaris
1760 4195 1850 4270 mihi
1867 4199 2072 4292 pensionem
2087 4199 2254 4290 stipendii

230 4317 251 4352 ο
272 4344 326 4420 D·
356 4343 468 4422 Vm
488 4339 753 4430 Theodoro,
790 4341 933 4416 decenn
953 4339 1104 4441 Evang·
1126 4343 1166 4416 in
1261 4303 1373 4390 mitti,
1412 4329 1494 4374 cum
1518 4303 1609 4374 solet
1632 4299 1846 4374 numerari.”
1906 4298 2006 4370 Bene
2031 4299 2109 4370 vale
2136 4315 2174 4372 ct
2198 4324 2254 4370 rr-

544 4442 685 4518 Επιις,
702 4444 901 4542 Norggefffi
1261 4405 1384 4480 scribe.
1433 4401 1503 4476 Die
1521 4399 1693 4475 iohannis
1710 4401 1900 4496 Baptistae.

1768 4499 1958 4598 Philippus
1973 4495 2205 4578 Melanthon.

220 4565 264 4656 S.
286 4584 331 4658 D.
384 4582 491 4674 Quod
506 4583 620 4654 inilia
635 4582 750 4674 prima
771 4581 941 4653 concione
961 4581 1213 4652 denunciatum

219 4701 288 4773 est,
312 4679 494 4757 insidiari
503 4679 714 4754 Diabolum
730 4679 903 4754 calcaneo
916 4689 1061 4767 nostro,
1085 4684 1122 4754 id
1137 4683 1212 4754 lieri

219 4791 403 4874 atrociter,
443 4786 653 4877 experimur.
719 4783 948 4856 sedentum
969 4781 1038 4854 Dei
1061 4808 1212 4871 oremus,
1257 4803 1323 4876 No,
1339 4801 1453 4878 2971·
2076 4803 2154 4886 (94,
2168 4806 2254 4892 ιω.)

218 4908 260 4966 ut
276 4906 379 4985 caput
397 4887 622 4960 ‚insidiatoris
638 4887 831 4960 conculcet.
1262 4895 1435 4931 Μ
2076 4899 2250 4930 ’0⁸⁹

319 4987 416 5064 Mihi
441 4989 572 5061 vulnus
593 4989 677 5060 iecit
698 4999 780 5058 aitte
805 5009 934 5078 paucos
956 5010 1093 5058 menses
1116 4987 1209 5058 filiae
1668 4969 1842 5056 Eidem.

218 5097 413 5180 calamitas,
437 5092 494 5164 vel
508 5091 626 5186 potius
642 5093 710 5164 τοῦ
723 5087 903 5190 γαμβροῦ
916 5089 1080 5178 saevitia,
1110 5093 1206 5184 quod
1322 5132 1400 5208 ss,
1421 5133 1589 5208 „mmm
1607 5131 1677 5188 Md,
1696 5133 1726 5187 tn
1745 5132 1807 5188 eoa.
1823 5129 1972 5216 moneat,
1983 5149 2017 5255 p.
2031 5132 2093 5187 ses.
2136 5135 2187 5190 ess
2240 5167 2251 5180 -

1372 5203 1424 5260 ella
1442 5205 1571 5327 epistolae
1590 5203 1623 5258 sd
1641 5203 1817 5256 Theodorum
1837 5201 1957 5265 socium,
1996 5209 2099 5257 ortases
2116 5203 2207 5273 episto
2219 5225 2251 5260 aa

217 5260 418 5281 annun-ufl-

249 5349 588 5423 *tVid.ep.a.2a.1u„‚
996 5347 998 5352 -
1220 5387 1222 5393 ,
1352 5275 1453 5416 [³3:23.

1468 5291 1514 5332 ιιιι.
1534 5271 1625 5338 1⁵44..
1648 5271 1767 5334 adiecta,
1789 5277 1821 5324 ut
1839 5268 1935 5325 Eirero
1954 5272 2103 5336 monstrari
2123 5276 2167 5332 set
2189 5275 2249 5332 dui
