4704 5804
196 219 272 296 est

199 389 283 477 des,
316 391 461 470 aiebat:¹
485 389 668 485 Incipiunt
697 395 803 485 pedes
831 391 1072 484 languescere5
1103 413 1189 480 gau-

199 493 284 582 deo:
325 508 361 564 et
386 496 532 564 eumad
557 517 671 584 genua
695 517 806 587 usque
830 494 1055 584 perrepsisset
1081 515 1190 578 mors,

201 593 399 686 tripudians
428 597 594 664 manibus
624 595 787 686 pulsabat
806 617 938 685 genua,
975 595 1133 682 gaudeus
1156 605 1192 662 et

198 695 331 770 ridens.
382 691 436 763 Ac
458 697 577 765 statim
593 696 785 788 incipiebat
802 719 837 764 sc
852 692 996 768 Christo
1011 715 1192 764 commen-

200 795 302 881 dare,
341 819 446 864 orans
481 797 571 866 sicut
602 793 766 868 Christus
798 798 837 866 in
872 819 991 879 cruce,
1026 794 1191 884 spiritum

200 920 302 966 suum
327 899 594 968 commendabat
604 895 634 994 ⁴)
659 895 814 971 Christo.
882 893 1019 966 Orabat
1044 919 1108 985 pro
1135 918 1192 964 re-

199 997 366 1066 missione
391 1013 614 1088 peccatorum
639 1023 804 1083 suorum,
836 998 965 1067 deinde
987 1020 1052 1085 pro
1073 995 1191 1062 omni-

198 1097 266 1178 hus
281 1099 521 1177 credentibus,
548 1114 667 1180 postca
681 1103 725 1170 ad
743 1124 798 1170 me
813 1121 949 1179 versus,
983 1091 1073 1163 mihi
1094 1096 1190 1164 vale-

201 1181 307 1266 dixit,
333 1193 368 1251 et
383 1198 512 1272 granas
527 1191 615 1276 egit,
650 1201 685 1256 ct
699 1211 778 1256 cum
800 1189 893 1254 idem
914 1193 1057 1264 volebat
1077 1196 1191 1260 iacere

199 1282 321 1352 amicis
336 1283 571 1369 adstantibus,
595 1289 784 1377 expiravit,
812 1310 892 1355 cum
909 1285 1015 1374 paulo
1034 1300 1114 1354 ante
1135 1286 1191 1354 di-

199 1398 313 1454 xerat:
344 1380 436 1453 Ecce
458 1387 630 1476 quantum
656 1383 722 1456 hoe
744 1390 877 1456 donum
895 1383 963 1455 Dei
979 1399 1045 1470 est,
1070 1409 1191 1454 omnes

201 1507 323 1554 sensus
347 1485 416 1552 mei
440 1479 556 1555 adhuc
581 1486 708 1576 integri
729 1501 827 1558 sunt.
878 1483 1027 1580 Ecquid
1048 1487 1193 1555 multis?

199 1581 371 1674 Magnam
401 1588 678 1656 consolationem
717 1601 751 1657 et
789 1587 1025 1657 eruditionem
1056 1611 1096 1656 ex
1126 1588 1191 1654 lilii

199 1685 301 1756 obitu
318 1687 537 1756 sanctissimo
555 1690 690 1778 accepi,
723 1690 806 1758 licet
821 1687 966 1758 allectus
980 1689 1118 1778 paterni
1135 1712 1190 1755 me

198 1787 351 1858 subinde
369 1789 519 1857 reddant
534 1788 757 1862 imbecillem.
810 1787 878 1859 Sed
901 1793 1110 1858 commendo
1134 1813 1190 1858 me

197 1887 324 1958 vestris
346 1889 520 1980 precihus.
577 1888 689 1958 Porro
711 1887 754 1961 D.
775 1887 871 1978 Mag.
892 1881 1077 1984 Cuspar⁵)
1097 1888 1191 1958 Nor-

118 2055 127 2071 ,
198 1988 447 2078 lingiaceusem
483 1990 723 2060 conditionem
756 1991 909 2082 accepit:
945 1991 1027 2060 ideo
1060 1989 1190 2060 obnixe

197 2114 261 2158 vos
296 2103 538 2180 praeceptores
571 2114 669 2160 meos
704 2116 844 2180 precor,
884 2105 925 2160 ut
951 2117 1015 2184 per
1039 2105 1191 2160 vestram

197 2213 340 2278 operam
363 2187 452 2258 mihi
470 2192 684 2281 adiungatur
700 2189 862 2282 Collega,
888 2189 932 2265 D.
950 2187 1192 2268 Docroeloa-

198 2284 342 2360 cisimus
357 2285 506 2360 Morlin
518 2287 567 2388 ⁶),
600 2306 640 2363 ut
655 2293 685 2361 is
701 2295 811 2382 possit
825 2288 915 2362 mihi
933 2295 1135 2377 succedere,
1160 2294 1190 2362 si

774 215 1375 336 scissurarum-xum·
1400 219 1466 297 nc
1498 219 1656 295 assu

1345 385 1414 442 haec
1422 385 1534 442 haheat:
1551 383 1654 457 „Nosti
1668 395 1698 438 ea
1713 381 1794 441 nohis
1805 383 1913 455 eriists,
1936 384 1985 458 qai
2002 379 2125 440 nonfuit
2137 400 2167 438 ea
2177 398 2233 434 no·

1345 453 1387 508 his
1431 455 1470 508 M.
1487 453 1580 506 Vitum
1599 449 1810 508 Amerhachium
1830 453 2037 523 lugolstadiam,
2062 462 2091 503 ut
2109 445 2235 504 succedat

1346 493 1445 590 Ecc’io,
1462 523 1694 593 blasphematurus
1709 529 1832 574 nostrum
1847 525 1959 574 verbum
1973 521 2045 572 l'orte
2056 518 2235 590 magis‘quam

1347 592 1392 644 ille
1416 590 1520 646 secit''s
1549 591 1590 642 aia
1609 587 1788 642 dubitandum
1808 597 1865 658 est,
1892 590 1958 658 quin
1979 588 2046 642 hace
2065 595 2093 638 et
2110 604 2179 656 quac
2200 581 2235 636 ad

1347 657 1503 712 Pontauum
1526 657 1648 728 sequitur
1675 653 1786 725 epistola
1811 659 1904 728 (quam
1929 653 2051 708 Peaelius
2074 651 2107 705 ad
2131 669 2237 732 annum

1349 727 1425 805 1642.
1452 727 1557 793 retulit)
1580 739 1654 777 anno
1675 721 1765 804 liii,
1785 731 1824 802 'et
1847 722 1956 790 quidem
1978 739 2070 802 menae
2088 719 2237 800 lioremhn

1345 805 1524 914 tt'tt'sttz.
1539 793 1679 914 Stil.
1695 789 2030 912 iiaiihhl‘iiii‘iiii
2048 787 2239 925 aviiii‘iiii

1347 926 1440 998 allisa,
1461 926 1539 980 cuius
1552 927 1728 996 apographon
1742 925 1833 978 iuveni
1847 925 1874 978 ia
1889 927 1950 980 eod.
1964 876 2101 1003 Basii²393
2117 943 2143 993 p.
2156 921 2239 980 1201’·

1346 1011 1415 1064 quae
1429 995 1470 1048 sic
1482 1013 1510 1048 ae
1523 994 1616 1050 habete
1638 994 1776 1066 „Constat
1794 993 1899 1062 aliquos
1919 1005 2042 1049 aarum
2056 989 2240 1062 phdosopho·

1346 1082 1431 1130 „rum
1457 1063 1490 1115 ad
1511 1063 1645 1115 insaniam
1666 1079 1775 1128 versos,
1804 1079 1873 1131 quos
1895 1059 2015 1114 imitatus
2037 1059 2240 1127 amerbachius

1346 1147 1421 1200 „pro
1443 1129 1627 1210 philosophari
1654 1127 1813 1210 debacchari
1841 1127 1978 1209 incoepit,
2007 1129 2091 1209 iraque
2115 1123 2240 1179 convitia

1342 1198 2241 1336 gatrauaiamastrae.tra,'utiabra

1346 1363 1364 1394 „
1372 1325 1508 1400 animum,
1529 1338 1556 1381 et
1574 1329 1636 1381 rixis
1655 1331 1796 1380 honorum
1816 1347 1872 1381 non
1891 1325 1927 1383 ita
1941 1339 2093 1384 remoretur
2105 1327 2239 1397 studium,

1344 1396 1447 1463 „cuius
1473 1397 1535 1452 loco
1558 1396 1581 1450 si
1599 1396 1683 1450 alium
1701 1395 1864 1470 instituerit,
1891 1397 2239 1467 tremendissimum

1346 1463 1587 1536 „gratissimum”

1243 1613 1515 1693 Clarissimus!
1533 1615 1743 1692 doctissimo
1759 1621 1853 1706 viro,
1877 1619 1932 1698 D.
1955 1620 1995 1698 V
2000 1622 2017 1693 i
2023 1632 2066 1692 to
2081 1617 2242 1690 Amer-

1370 1716 1562 1809 bachio,
1589 1723 1810 1806 amicosuo,
1844 1719 1971 1796 Phil.
1996 1719 2109 1799 Met.

1242 1839 1285 1930 S·
1312 1855 1357 1931 D.
1408 1857 1588 1930 Hactenus
1616 1883 1673 1928 me
1694 1860 1857 1952 impediit
1881 1855 2140 1954 typographus,
2173 1857 2240 1950 qui

1241 1954 1333 2028 mihi
1358 1955 1475 2029 adhuc
1497 1961 1618 2050 paucis
1640 1961 1766 2029 diebus
1790 1963 1974 2050 negocium
2001 1963 2122 2050 saciet,
2165 1983 2239 2052 quo
2337 2005 2338 2028 2

1242 2061 1363 2130 minus
1386 2062 1627 2150 responderim
1638 2059 1682 2158 ¹),
1713 2085 1825 2154 eoque
1851 2063 1993 2148 distuli,
2025 2077 2067 2133 ut
2086 2084 2240 2152 possano,
2337 2051 2338 2082 i

1243 2163 1272 2229 si
1290 2174 1409 2230 tamen
1426 2161 1537 2251 leges,
1569 2186 1677 2254 quam
1697 2162 1956 2256 simplicissime
1978 2177 2012 2234 et
2032 2162 2240 2255 planissime

1243 2262 1311 2332 tihi
1336 2285 1511 2354 exponere
1534 2253 1641 2356 quod'
1655 2263 1816 2332 velimus.
1872 2259 2041 2335 Exercuit
2063 2289 2120 2333 me
2143 2287 2239 2356 quo-

195 2415 253 2461 me
269 2393 366 2462 abire
381 2393 618 2483 contingeret,
652 2395 689 2462 id
706 2397 802 2487 quod
820 2395 857 2462 in
870 2391 938 2463 Dei
952 2396 1045 2464 bona
1061 2395 1192 2464 volun·
1243 2366 1584 2458 ‘lueffld‘mffluffl’
1619 2378 1849 2434 mmmm
1867 2367 1939 2434 fere
1962 2368 2104 2436 ‘aedem
2127 2363 2239 2432 dubi·

195 2507 266 2564 tare
288 2494 443 2585 positum
467 2508 529 2566 est,
580 2493 636 2566 sip
658 2519 786 2588 quaeso
810 2491 895 2564 haec
917 2491 1192 2586 Nfflmgurgen,
1242 2465 1415 2550 tationes,
1442 2479 1475 2536 et
1490 2466 1612 2536 audivi
1628 2467 1666 2534 in
1687 2477 1740 2536 tot
1761 2469 1995 2538 conventibus
2015 2492 2090 2538 non
2112 2465 2238 2534 ineru-

196 2595 244 2664 εἰ,
276 2595 420 2664 ecclesia
455 2595 557 2666 vobi,
593 2599 855 2677 commendata,
899 2619 989 2688 quae
1028 2599 1190 2668 nondum
1242 2567 1336 2636 ditos
1358 2562 1537 2652 homines,
1576 2567 1639 2660 qui
1668 2568 1881 2635 contrariam
1903 2570 2113 2638 sententiam
2136 2591 2240 2637 acer-

196 2697 345 2764 omnino
370 2719 389 2763 a
415 2690 612 2786 pharisaico
632 2697 807 2767 sennen„
834 2710 886 2767 e„
905 2711 1063 2788 purga„
1114 2695 1190 2767 pam
1242 2667 1331 2738 rime
1346 2667 1586 2742 defenderent.
1637 2663 1964 2757 ldeocogitandum
1986 2665 2076 2740 mihi
2099 2669 2169 2738 luit
2191 2670 2237 2735 de

195 2791 329 2866 habent
343 2797 553 2882 adversarii,
585 2800 679 2892 quod
699 2800 873 2887 gaudeant
891 2799 938 2868 oh
955 2799 1019 2867 filii
1033 2799 1189 2886 obitum;
1242 2793 1366 2888 ΨΜ
1405 2793 1511 2862 ‘luam
1544 2791 1608 2857 ⁰3⁰
1639 2789 1711 2838 ¹¹⁰⁰
1744 2769 1880 2859 primm
1909 2771 2103 2863 mimi·
2162 2767 2238 2839 Nec

196 2895 256 2966 sed
280 2897 422 2986 spiritus
447 2911 589 2968 sanctus
614 2901 857 2970 consolabitur
880 2923 957 2973 nos.
1023 2896 1101 2970 Oro
1125 2923 1189 2970 au·
1242 2893 1429 2989 q⁰2⁸q¹¹³¹¹3
1447 2871 1732 2990 {¹⁰⁸²m‚m,d¹¹¹t’
1756 2870 1825 2939 fide
1842 2887 1979 2942 ”mmm
1997 2887 2060 2943 ³¹³
2074 2872 2149 2991 ⁸9¹?
2166 2894 2236 2940 Μ’

195 3011 265 3067 ,em
283 2995 495 3082 Dominum,
530 3012 564 3069 e,
579 2997 751 3070 Amorem
776 3002 865 3085 vim,
898 3014 939 3070 u,
961 3024 1025 3070 vo,
1048 3025 1190 3093 praece,
1241 2985 1323 3040 tarra
1354 2994 1463 3062 accrpr
1489 2992 1731 3041 remissionem
1760 2986 1994 3062 peccatorum.
2053 2973 2236 3044 Ducimur:

194 3111 314 3191 ptores
336 3111 371 3168 et
394 3100 542 3170 maiores
564 3115 704 3173 nostros
731 3103 769 3171 in
793 3125 896 3171 usum
922 3103 1087 3172 ecclesiae
1109 3125 1191 3172 suae
1241 3073 1329 3158 fider
1353 3095 1443 3165 ‘lui‘
1459 3087 1510 3142 ⁰³²
1525 3096 1686 3142 ³⁸³²¹¹⁵¹¹⁸
1701 3086 1736 3192 εἴ·
1749 3073 1788 3191 ip
1803 3075 1986 3193 ”lulli-³²²
2002 3091 2143 3159 ffl⁰l¹¹⁸s
2162 3073 2238 3143 ⁶¹⁸·

195 3200 260 3268 diu
284 3201 487 3290 superstites
511 3225 718 3272 conservare
740 3203 836 3275 velit.
900 3200 1031 3274 Datum
1054 3201 1190 3274 Neum-
1241 3196 1343 3242 ΜΠ*
1363 3167 1471 3242 Abba
1496 3167 1627 3259 Paltr,
1664 3199 1776 3263 accrpr
1802 3199 2045 3246 remrssmnem
2074 3190 2239 3268 peccam·
2338 3273 2339 3276 ,

194 3300 302 3390 burgi
321 3301 379 3374 18.
396 3299 621 3374 Novembris.
671 3298 908 3374 Ann01543.
1569 3375 1578 3392 ,
1874 3377 1883 3393 ,
2077 3379 2086 3395 ,
2138 3378 2148 3394 ,
2338 3381 2339 3384 ,

217 3443 227 3450 ,
296 3398 416 3468 Hodie
459 3403 549 3471 cipe,
592 3406 781 3472 secundam
823 3403 1033 3495 sepelimus
1075 3403 1190 3474 filium
1242 3373 1314 3446 Sed
1335 3371 1419 3443 sola
1442 3377 1596 3449 excludrt
1614 3386 1776 3446 nostrum
1796 3389 1982 3460 meritum,
2008 3393 2042 3449 et
2057 3377 2237 3468 sagmhca-
2338 3399 2339 3410 ¹

1242 3489 1321 3560 tur,
1354 3489 1499 3566 propter
1513 3472 1697 3548 Christum
1717 3477 1828 3568 accipi
1850 3479 2092 3562 remissionem
2109 3501 2238 3571 pecca-

1243 3589 1372 3648 torum.
1423 3573 1571 3672 Egoque
1585 3579 1697 3668 magis
1709 3602 1794 3649 usus
1809 3601 1887 3650 sum
1906 3581 2078 3672 particula
2095 3577 2238 3674 gratis,

1243 3702 1332 3771 quae
1354 3679 1512 3748 fortassis
1534 3679 1653 3750 minus
1676 3681 1769 3771 parit
1793 3682 2013 3766 certaminis,
2047 3685 2108 3752 aed
2130 3683 2238 3752 aliter

1243 3793 1429 3850 enarratur
1448 3803 1468 3849 a
1494 3781 1616 3851 multis
1638 3805 1745 3873 quam
1765 3805 1786 3850 a
1806 3782 1922 3856 nohis.
1979 3781 2036 3854 Tu
2060 3785 2135 3874 ipse
2156 3783 2237 3867 scis,

1243 3903 1309 3949 nos
1332 3881 1483 3950 maxime
1504 3881 1672 3950 dimicare
1696 3884 1739 3950 de
1756 3882 1991 3971 poenitentia,
2015 3887 2060 3954 de
2075 3885 2236 3954 novitate

1242 3981 1346 4050 vitae.
1396 3980 1543 4071 Semper
1566 3983 1640 4053 dixi
1662 3996 1698 4052 et
1717 3983 1851 4068 dicam,
1885 3985 2006 4054 omnia
2030 4009 2096 4056 nos
2118 3987 2158 4054 in
2180 4010 2236 4072 eo,

1069 4105 1116 4183 (h,
1139 4109 1179 4187 g)
1242 4080 1306 4174 qui
1324 4095 1568 4168 regeneratur,
1600 4083 1780 4176 requirere
1802 4097 1836 4154 et
1857 4109 2006 4175 ponere,
2038 4101 2078 4159 ut
2100 4087 2149 4156 ita
2175 4086 2235 4156 di-

1055 4199 1190 4230 w-
1243 4205 1339 4260 cam,
1377 4205 1467 4274 quae
1487 4183 1589 4274 ponit
1613 4179 1788 4254 Thomas:
1830 4185 2102 4274 contricionem,
2140 4187 2236 4258 dile-

1241 4282 1393 4352 ctionem
1417 4295 1450 4351 et
1467 4297 1619 4354 caeteras
1635 4285 1803 4366 virtutes,
1835 4309 1897 4358 seu
1918 4289 2140 4380 propositum
2166 4289 2236 4358 ho-

263 4437 900 4529 †Exapopsphotnaodffioumso.pse.
917 4489 952 4503 -
977 4455 1190 4538 mmm
1240 4407 1339 4456 num.
1391 4381 1461 4454 Sed
1477 4379 1536 4454 hic
1552 4386 1722 4456 dissensio
1741 4399 1810 4470 est,
1843 4411 1890 4457 an
1908 4401 2052 4480 propter
2067 4383 2154 4460 haec
2170 4391 2235 4460 de-

299 4520 429 4591 epistolac
450 4531 478 4575 et
496 4523 553 4577 eius
571 4525 605 4578 ad
621 4523 792 4596 Portunum,
816 4543 885 4594 quae
902 4527 1041 4608 sequitur,
1059 4521 1189 4594 intelligi·
1239 4497 1298 4553 tur
1314 4484 1496 4570 ‘mimo’
1529 4509 1575 4556 θη
1600 4487 1674 4558 θίἡι
1693 4487 1851 4579 Pretium
1872 4489 1964 4560 Vitae
1979 4503 2159 4575 affirmet
2185 4515 2233 4560 δη

300 4597 360 4656 tur,
382 4607 441 4642 eam
456 4592 583 4660 scriptam
596 4611 669 4662 esse,
694 4611 780 4662 quum
794 4595 989 4648 Amerhachrus
1004 4591 1140 4646 Witeher
1158 4610 1189 4644 ae
1238 4585 1284 4656 sit
1317 4584 1555 4656 dubitandum
1589 4589 1633 4658 de
1667 4589 1872 4658 remissione
1904 4605 2145 4680 peccalorum,
2183 4615 2233 4661 an

297 4656 388 4780 22¹5·
400 4655 1131 4797 iffi&ffifffflffdssffleffssfflff'¹me
1147 4679 1189 4781 ᾖ,
1238 4685 1348 4776 possit
1371 4709 1444 4756 esse
1466 4687 1628 4768 dilectio,
1662 4689 1692 4756 si
1715 4713 1790 4758 non
1812 4691 1937 4760 existat
1959 4691 2022 4761 illa
2043 4694 2151 4777 fades,
2186 4696 2233 4764 de

297 4789 600 4876 Nor3lhl8.lscrihatr
621 4793 735 4868 „Vituan
751 4795 962 4886 amerbachium
983 4797 1189 4880 scrtcahdca·
1238 4811 1308 4881 qutt
1330 4786 1497 4856 dicimus:
1532 4788 1618 4874 fide,
1650 4789 1687 4857 id
1712 4803 1780 4875 esi,
1814 4791 1942 4860 fiducia
1967 4793 2232 4864 misericordiae

296 4859 1141 4989 fssffiffissfflfflfflfssf⁸5fflffl⁰aff&
1160 4881 1188 4988 ζ
1238 4899 1384 4978 propter
1403 4887 1516 4958 hlium
1532 4885 1600 4958 Dei
1616 4892 1788 4978 promissa
1804 4891 1961 4962 donatur
1976 4895 2233 4966 reconciliatio.

1236 4985 1291 5058 De
1311 4983 1378 5058 hac
1401 5012 1476 5058 non
1496 4989 1584 5060 dicit
1600 4986 1757 5062 Thomas
1778 5004 1842 5064 aut
1862 4993 2007 5071 similes.
2055 4993 2129 5068 Nec
2147 5019 2232 5090 per·

197 5067 404 5086 m

194 3525 334 3587 meum,
355 3501 587 3573 fortissimum
602 3498 737 3574 Christi
755 3504 914 3578 militem.

620 3634 788 3708 Nicolaus
805 3635 966 3721 Medler,

321 3827 324 3834 Ι
448 3735 644 3828 discipulus
663 3752 776 3809 vester
790 3736 1140 3832 obsequentissimus.

194 4091 388 4215 uerr-

501 4277 555 4364 V.
581 4277 890 4367 Amerbochio.

229 5159 259 5230 4)
277 5161 368 5219 Dana.
381 5165 599 5223 commendavit.

230 5243 261 5311 ⁶)
277 5243 356 5315 Cesp.
371 5245 522 5306 banau.

228 5328 256 5398 4)
275 5327 364 5384 Dans.
375 5331 519 5390 manducer
529 5331 647 5422 'uaros
656 5351 709 5410 pru
722 5335 835 5396 norm

1272 5277 1299 5347 1)
1315 5273 1354 5330 Ea
1373 5295 1416 5358 ep.
1434 5277 1467 5334 ad
1486 5277 1592 5336 Camer.
1610 5281 1638 5337 d.
1656 5239 2104 5359 t.19.tt0v.15se.taaetttgtsas‚
2127 5290 2228 5348 Aner-

1305 5343 1430 5402 hachsum
1443 5347 1478 5402 ad
1495 5347 1700 5410 Melanthoueru
1711 5352 1860 5424 scrips'uae.

1241 3299 1341 3360 rum;
1380 3297 1447 3344 nec
1472 3275 1596 3344 divelli
1621 3275 1667 3344 ab
1693 3299 1733 3344 ea
1753 3276 1896 3345 dilectio
1914 3301 1955 3347 ac
1976 3301 2054 3370 spes
2073 3289 2236 3369 possunt.
2338 3287 2339 3360 l
