4704 5804
107 217 167 296 m
667 201 1108 286 urtsrouannu
1159 193 1355 292 mum
1407 205 1544 287 ιιιι.
2048 215 2160 302 sss,

103 388 205 461 lratris
226 379 468 458 Ferdinnndi
485 362 836 478 adventum,'multa
860 381 916 472 agi
935 369 1078 476 θερμό-
1128 395 1162 455 et
1176 399 1323 478 propter
1339 383 1623 456 benevolentiam
1645 397 1805 454 mutuam
1821 386 1971 458 candide
1987 389 2141 477 dicunt‚'

102 513 205 588 τερον.
253 489 343 560 Nam
361 481 520 584 Lycaon
540 481 638 558 hunc
659 486 858 564 accendet„
887 482 958 555 Sed
975 481 1077 552 brevi
1127 488 1224 580 quod
1251 489 1413 573 videtur,
1441 499 1475 556 et
1494 486 1648 577 probant
1670 485 1780 572 illud,
1804 489 1901 582 quod
1917 489 2023 562 estin
2040 516 2122 561 ora-

102 589 175 664 haec
197 592 355 666 sciemus.
420 589 634 682 Ubicunque
655 587 786 657 civium
818 598 962 656 tuorum
993 584 1076 654 filiis
1125 589 1224 658 tione
1249 589 1316 658 filii
1346 591 1392 659 ad
1415 585 1626 684 Tyrannum
1655 589 1756 692 apud·
1773 583 2007 679 Sophoclem:
2057 587 2122 664 καὶ

101 696 247 788 pmdesse
268 705 412 785 potero,
436 715 574 762 summa
598 689 781 761 voluntate
804 703 838 760 et
860 687 1020 778 ipsorum
1042 701 1076 758 ct
1125 693 1202 763 τῶν
1228 684 1414 790 λεγόντων
1434 681 1496 774 εὖ,
1530 683 1646 761 καλὸν
1670 683 1714 770 τὸ
1736 683 1968 782 paredam:
2020 690 2119 764 Itae

100 811 150 868 tua
165 818 263 867 causa
278 795 328 864 eis
344 792 507 866 serviam.
548 783 745 863 Mattheus
760 783 915 858 Pelorus
930 788 978 858 ita
992 812 1077 878 pro·
1126 794 1302 863 contrario
1340 787 1575 884 periculosiss.
1604 804 1655 860 est
1687 791 1846 882 imperiis
1882 808 1917 864 et
1938 791 2119 866 Ecclesiae

36 911 38 926 ²
99 898 185 982 lecit,
214 909 253 966 ut
264 893 444 966 Ecclesiae
465 894 523 963 dei
549 916 685 985 sperem
710 893 792 962 usui
808 913 936 980 magno
962 900 996 956 et
1016 915 1077 958 or·
1126 894 1380 964 committiin-
1396 888 1453 962 his
1483 892 1726 981 congressibus
1758 887 1921 964 homines
1945 895 2119 983 inimicos,

98 1013 248 1069 ramento
264 999 424 1066 luturum
441 1019 524 1068 esse.
575 993 674 1063 Bene
690 993 780 1066 vale.
829 985 1075 1063 Die25.Mar-
1126 998 1288 1066 ardentes
1310 995 1421 1079 odiis,
1447 1017 1522 1064 non
1536 1007 1693 1064 amantes
1708 993 1910 1086 veritatem,
1935 1011 1996 1068 aut
2012 998 2118 1068 lasci-

99 1101 149 1181 tii,
179 1124 249 1192 quo
281 1111 363 1168 ante
393 1121 507 1167 annos
540 1094 643 1171 5504
673 1089 789 1164 Adam
819 1094 983 1163 conditus
1014 1107 1077 1178 est,
1125 1111 1226 1168 natos
1249 1098 1365 1189 pravis
1389 1095 1637 1188 opinionibus,
1676 1097 1877 1189 etquidem
1899 1098 1963 1168 ubi
1988 1101 2118 1172 desunt
2172 1102 2178 1114 '

36 1243 38 1312 t
98 1215 170 1282 ante
201 1221 313 1269 annos
345 1223 430 1269 vero
464 1194 561 1269 1545
594 1191 758 1268 Christus
795 1209 984 1286 conceptus
1013 1209 1076 1281 est,
1124 1193 1346 1295 βραβευταὶ.
1395 1195 1512 1268 Deum
1531 1210 1712 1266 aeternum
1728 1212 1863 1288 patrem
1887 1199 2025 1270 domini
2050 1226 2117 1272 no-

36 1319 38 1372 t
99 1315 168 1373 ante
185 1325 296 1372 annos
318 1325 403 1371 vero
424 1297 521 1374 1511
541 1294 704 1370 Christus
721 1296 908 1367 crucifixus
922 1310 984 1368 est.
1126 1301 1191 1371 stri
1207 1299 1285 1371 lesu
1294 1296 1431 1371 Christi
1444 1324 1522 1383 oro,
1547 1311 1587 1368 ut
1597 1299 1736 1368 exitum
1751 1299 1932 1391 placidum
1950 1303 2010 1372 det
2025 1303 2117 1373 utri-

36 1395 37 1400 *
594 1396 783 1491 Philippus
799 1392 1024 1468 Melanthon·
1127 1427 1195 1496 que
1219 1401 1427 1487 conventui,
1462 1399 1623 1492 Spirensi
1644 1413 1677 1470 et
1699 1398 1854 1492 Lipsico.
1904 1399 2003 1474 Bene
2028 1406 2118 1492 vale,
2209 1395 2217 1412 ³

482 1540 486 1552 ·
1127 1505 1184 1574 die
1200 1503 1448 1587 XXV.Mart.,
1470 1527 1542 1595 quo
1557 1515 1638 1572 ante
1653 1525 1766 1571 annos
1780 1497 1881 1576 5504
1897 1499 2016 1574 'Adam
2032 1531 2117 1575 con-

1127 1593 1222 1676 ditus
1246 1618 1314 1690 est,
1340 1617 1421 1675 ante
1444 1626 1557 1673 annos
1575 1628 1659 1673 vero
1684 1594 1790 1677 1546
1800 1600 1962 1676 Christus
1981 1606 2019 1674 in
2033 1606 2117 1676 Ma-

110 1747 167 1822 NO'
183 1749 296 1823 2889·
384 1734 391 1741 ·
722 1721 735 1738 ⁸
916 1747 1076 1818 25·an
1126 1709 1179 1777 ria
1194 1705 1332 1797 virgine
1351 1717 1540 1796 conceptus
1564 1719 1635 1786 est,
1662 1719 1744 1776 ante
1768 1729 1881 1776 annos
1903 1731 1986 1777 vero
2016 1705 2111 1782 1611

36 1405 38 1470 l

36 1807 38 1912 l
104 1843 303 1884 sm»
691 1889 698 1902 ,
914 1843 1067 1866 «κ»
1126 1799 1575 1887 Christuscrucifixusest‚
1601 1807 1764 1877 etfactus
1785 1807 1939 1884 victima.

36 1915 38 2054 l
358 1934 506 2019 [woh.
538 1931 795 2020 Camffario.
1220 1943 1223 1950 ·
1478 2017 1489 2036 υ
1686 1917 1876 2016 Philippus
1889 1921 2066 2002 Melanth.

154 2091 592 2168 prt.adcamenr.p.t⁵82q.
610 2093 989 2168 (ed.1,ond.1v.ep.825.).
1106 2151 1108 2154 ’
1229 2140 1337 2212 lnitio
1362 2134 1603 2238 conventus*)
1624 2154 1812 2234 postquam
1833 2139 1984 2214 Carolus
2000 2141 2117 2237 lmpe-

36 2273 37 2324 p
98 2219 310 2304 Clarissimo
332 2231 408 2306 viro
433 2227 636 2310 eruditione
659 2241 690 2304 el
714 2230 843 2304 virlule
866 2233 1078 2332 praesidali
1127 2257 1224 2314 rator
1250 2257 1342 2313 certa
1365 2243 1594 2312 deliberanda
1616 2243 1819 2335 proposuit,
1858 2247 2119 2318 contenderunt
2207 2305 2209 2310 .

36 2349 38 2374 ³
116 2329 356 2407 [oachimo
383 2327 659 2409 Camerario
684 2327 914 2431 Pubergssml'
932 2335 1052 2406 amico
1127 2345 1351 2418 Coloniensis
1374 2357 1407 2414 et
1429 2341 1612 2414 Palatinus
1634 2345 1778 2430 acriter,
1812 2343 2117 2437 utdeRcligione
2155 2379 2160 2396 ι

36 2393 38 2520 l
468 2461 536 2509 suo
556 2435 684 2534 cartis.
1128 2450 1402 2534 deliberaretur,
1432 2457 1466 2515 et
1489 2438 1673 2516 exordium
1696 2447 1837 2518 archus
1853 2447 1986 2518 divinis
2001 2472 2118 2520 sume-

96 2545 132 2636 s·
154 2567 197 2646 D.
259 2567 343 2642 Etsi
363 2566 549 2642 historiam
572 2547 768 2644 conventus
792 2567 981 2669 Spirensis
1015 2598 1076 2644 co·
1127 2565 1237 2625 retur·

97 2669 217 2760 piosius
237 2675 285 2744 ad
305 2696 368 2744 vos
388 2674 497 2764 scribi
520 2674 694 2758 arbitror,
719 2698 826 2767 quarn
849 2677 894 2744 ad
914 2699 997 2756 nos,
1022 2659 1094 2745 ta)
1226 2665 1350 2737 Nostri
1372 2665 1630 2734 contenderunt
1653 2665 1697 2734 de
1713 2687 1798 2756 pace
1820 2665 1938 2734 danda
1954 2667 2046 2736 etde
2061 2666 2119 2738 iu-

97 2795 166 2843 men
185 2776 293 2846 mitto
315 2775 355 2844 in
377 2776 513 2866 pagella
536 2799 642 2868 quam
664 2777 806 2861 addidi,
831 2766 981 2870 eaquae
1004 2771 1076 2846 huc
1126 2769 1220 2839 dicio
1236 2766 1405 2840 Gamerae
1431 2766 1679 2837 constituendo
1703 2779 1784 2836 ante
1807 2780 1959 2838 caeteras
1982 2769 2118 2838 delibe-

36 2909 37 2912 ¹
97 2871 187 2946 allata
204 2889 300 2950 sunt.
345 2873 495 2947 Videbis
511 2878 706 2968 depositam
722 2900 795 2947 esse
811 2879 1075 2948 contentionem
1125 2871 1291 2945 rationes.
1898 2936 1907 2958 Ι

97 2977 132 3043 ‘¹⁸
150 2980 300 3068 pelenda
324 3001 427 3070 Pace,
446 2979 550 3072 'qua‘
571 2979 675 3048 initio
696 2983 882 3076 φορτικῶς
912 2980 1075 3050 instituta
1123 3017 1129 3026 ·
1228 2987 1298 3060 Sed
1322 2988 1465 3058 tandem
1491 2986 1631 3056 omissis
1662 2981 1720 3055 his
1743 2985 2032 3056 contentionibus
2055 2987 2120 3056 de-

96 3076 207 3154 sumi·
268 3077 373 3178 iilum
396 3080 506 3169 lilius
527 3081 572 3149 ‘l‘
598 3087 715 3152 “⁵²1⁰
750 3095 928 3168 meniu
954 3083 1075 3172 magis,
1126 3105 1260 3162 cretum
1286 3103 1338 3160 est
1362 3088 1542 3158 communi
1563 3111 1755 3172 consensu,
1781 3101 1822 3157 ut
1839 3079 2119 3158 ordoaCarolo

36 3195 37 3204 ¹
97 3203 189 3270 ‘luam
205 3183 249 3251 de
268 3179 429 3272 Spirensi
445 3181 708 3256 ⁵⁰ll⁰il¹¹⁸⁵¹¹¹¹h
757 3181 868 3252 Plane
883 3179 1075 3274 reprehess·
1125 3194 1361 3285 praescriptus
1376 3203 1592 3274 servaretur,
1615 3215 1655 3259 ac
1671 3190 1785 3279 prima
1801 3200 1889 3257 essct
1908 3188 2117 3260 deliberatio

96 3285 134 3350 ‘¹⁰
147 3287 317 3376 πολυπθα
342 3275 514 3376 110ούνηῖ
526 3307 670 3370 mrum,
693 3284 756 3378 qul
778 3309 860 3354 ⁶¹1¹ss
884 3280 1000 3354 adhuc
1022 3299 1076 3380 ie,-
1125 3299 1170 3393 de
1184 3295 1324 3368 auxiliis
1341 3305 1463 3362 contra
1480 3289 1617 3362 Turcas
1633 3289 1828 3363 mittendis.
1865 3303 1870 3314 '

36 3427 37 3448 2
95 3405 188 3452 uerae
211 3385 287 3454 sint
341 3385 483 3454 cclesias
513 3400 667 3471 vestrae,
706 3409 856 3480 cumque
876 3388 1075 3460 voluntates
1226 3409 1315 3482 Eam
1340 3409 1632 3479 deliberationem
1654 3407 1814 3477 scribunt
1831 3405 1945 3476 nostri
1966 3405 2037 3474 iam
2053 3408 2118 3476 ab.

95 3485 361 3571 iubemalffilm
379 3483 764 3556 athCdlssimllllma‘
779 3489 863 3573 Sinis
879 3504 1076 3579 ⁰⁰¹¹V0l¹l¹¹⁸
1125 3517 1275 3584 solutam
1300 3535 1385 3585 esse.
1436 3507 1490 3580 Ac
1502 3499 1600 3580 huuc
1620 3511 1858 3579 declaraturos
1875 3499 2055 3576 Carnium
2083 3523 2118 3578 et

36 3587 37 3656 Ῑ
95 3584 259 3661 indicunt.
326 3586 511 3676 Quantum
535 3589 604 3658 fuit
626 3588 666 3656 in
691 3583 820 3658 Atticis
843 3590 1076 3660 concionibus
1123 3609 1426 3694 Festinandum,
1452 3611 1683 3704 quantasipsi
1705 3609 2118 3702 copiasepquomfssuri

36 3723 38 3770 t
94 3679 313 3760 h⁰fslbffi¹¹m
328 3689 571 3775 certaminum,
589 3703 760 3782 quamam
776 3689 1076 3785 insl'UOdlSEPl·
1124 3719 1207 3791 siut.
1260 3716 1420 3786 Deduce
1444 3713 1722 3785 contra'Turcos
1741 3712 1904 3800 eligendo
1924 3705 2116 3781 nihilhac·

36 3853 37 3858 ,
96 3790 299 3881 scaporum?
324 3815 414 3882 quae
440 3792 514 3882 ipse
529 3793 605 3860 vidi
626 3791 789 3884 incendia
804 3792 844 3858 in
857 3793 1075 3886 aliqusthno-
1116 3833 1227 3888 ,tenus
1241 3815 1449 3908 accepimus,
1841 3803 1842 3812 ’

36 3887 37 3976 ζ
95 3892 163 3959 stris
171 3891 347 3987 Synodis,
363 3917 453 3984 quae
466 3907 507 3962 ut
521 3907 595 3963 arte
611 3893 905 3981 extingueremus,
926 3917 1073 3984 magno-

94 4015 166 4080 pere
180 3994 287 4063 nobis
300 3985 536 4064 laborandum
552 3995 630 4066 suit.
671 3993 824 4063 Memini
839 3996 878 4064 in
894 3985 1074 4066 Chalcide

95 4118 221 4164 mecum
249 4088 498 4164 Macedonem
521 4109 556 4167 et
579 4093 913 4185 Wirteb'ergcnsem
946 4122 1074 4190 magna

96 4217 169 4263 cum
193 4197 422 4267 solicitudine
446 4199 662 4282 deliberare,
702 4201 883 4290 quomodo
917 4214 991 4270 arte
1017 4203 1074 4270 di-

1226 3933 1477 4006 Controversia
1496 3956 1585 4025 quae
1599 3931 1671 4002 fuit
1683 3933 1726 3999 de
1743 3927 1928 3999 Cattorum
1947 3929 2117 4000 comitatu

1123 4041 1217 4109 inter
1243 4029 1473 4110 Nassaicum
1505 4046 1539 4103 et
1566 4025 1875 4125 Landgravinm,
1921 4031 2114 4122 composita

1122 4143 1252 4226 fertem,
1274 4137 1399 4210 solutis
1416 4134 1674 4225 aLandgravio
1692 4145 1835 4204 centum
1850 4131 2021 4204 millibus.
2060 4131 2116 4203 De

1122 4269 1193 4338 quo
1210 4242 1374 4314 dubitare
1390 4238 1521 4308 multos
1537 4237 1654 4308 audio.

1222 4337 1437 4430 Eristimant
1452 4347 1632 4425 Catulum
1648 4367 1731 4424 ante
1747 4352 1853 4423 Pasca
1878 4352 2114 4422 discessurum

1122 4487 1163 4533 ex
1183 4475 1379 4544 conventu,
1402 4471 1443 4527 ut
1460 4449 1619 4527 occurrat
1635 4453 1769 4540 Gallis,
1799 4453 1862 4543 qui
1877 4465 1989 4524 totum
2006 4457 2115 4524 duca-

1121 4580 1196 4636 tum
1211 4560 1488 4650 Lucelburgium
1512 4571 1738 4652 occuparunt.
1797 4552 1852 4623 De
1870 4551 1915 4626 D.
1936 4552 2114 4656 ¹Brunsvi-
2162 4627 2168 4634 ,

1123 4665 1218 4737 censi
1249 4663 1369 4733 nullae
1399 4654 1517 4732 adhuc
1553 4662 1700 4730 luerunt
1739 4656 2011 4728 deliberationes
2046 4681 2114 4749 pn-v

1121 4769 1246 4840 blicac.

412 4957 418 4970 ,
1225 4879 1444 4972 Compositio
1461 4877 1720 4960 controversiae
1736 4873 1921 4949 Cattorum
1938 4875 2112 4964 significa-

97 4995 287 5014 ““““““·
504 4990 509 5002 ’
1123 4999 1179 5056 ret
1193 4981 1343 5056 εὔνοιαν
1365 4987 1433 5053 τοῦ
1451 4971 1724 5076 αὐτοκράτορος
1736 4975 1827 5074 πρὸς
1838 4970 2041 5072 possedire,
2069 4991 2111 5060 ut
2209 5048 2211 5060 ,

154 5100 280 5164 „venire
315 5097 409 5170 ltaque
424 5097 490 5152 dum
504 5097 603 5152 nessus
616 5107 642 5152 et
660 5097 707 5153 alii
727 5097 863 5172 principes
884 5103 1037 5172 procedunt
1050 5102 1074 5156 ei
1123 5111 1186 5179 ego
1203 5087 1346 5180 quidem
1363 5109 1463 5176 spero
1480 5107 1519 5152 ac
1538 5081 1744 5168 railocltlor.

153 5167 281 5236 „obviem
297 5179 368 5222 extra
381 5166 531 5238 civitatem,
549 5178 602 5221 tem
624 5167 680 5220 lum
696 5169 854 5222 monasterii
877 5171 1006 5228 mandato
1020 5171 1075 5227 Ca-

153 5235 229 5302 „roli
243 5236 405 5291 occluditur.
442 5235 505 5305 Qua
516 5255 546 5289 er
558 5255 589 5290 re
603 5188 705 5290 lactum
721 5245 770 5310 est,
783 5239 857 5306 quod
872 5239 970 5294 concio
978 5239 1074 5294 Evan-

153 5339 172 5370 „
180 5303 245 5374 gelli
257 5303 369 5360 traulata
390 5305 424 5358 sit
440 5303 570 5428 stemplo
590 5305 619 5358 iu
633 5305 766 5360 ambitum
780 5307 838 5361 eius
851 5309 1024 5376 monasterii,
1044 5311 1073 5364 in

153 5391 232 5446 „quo
246 5381 272 5426 et
285 5383 403 5444 pergunt
417 5391 515 5445 magua
547 5373 671 5429 ominum
688 5371 842 5450 frequentia
857 5375 1051 5434 condemna*
1156 5374 1186 5450 ’,1)
1205 5376 1286 5433 Conl.
1301 5376 1379 5449 epist,
1395 5372 1495 5430 Breutii
1510 5371 1536 5426 d.
1550 5371 1577 5450 d.
1592 5372 1617 5446 5,
1631 5371 1713 5426 Mart.

96 5443 264 5517 huenen
278 5453 384 5518 Onu.
397 5451 480 5518 Vor..
494 5451 537 5516 V.
1258 5455 1309 5540 22

94 4298 304 4368 mitteremus
329 4321 404 4382 eos,
430 4299 493 4392 qui
516 4299 699 4380 convocati
720 4301 879 4386 fuerant,
911 4315 945 4371 et
967 4327 1073 4395 quam

94 4399 291 4469 mollissime
311 4401 582 4470 dissolveremus
597 4415 823 4476 conventum.
863 4401 905 4470 ln
922 4425 998 4471 eam
1014 4427 1072 4472 ra-

95 4499 237 4587 tionem,
269 4514 311 4572 ut
329 4515 369 4573 tu
391 4525 532 4596 quoque
554 4503 756 4588 incumbas,
791 4517 825 4574 te
846 4499 1073 4575 vehementer

95 4623 148 4671 oro
162 4616 267 4697 atque
283 4604 450 4677 obtestor.
503 4601 552 4674 Ut
568 4599 662 4672 nihil
677 4605 817 4674 dulcius
836 4619 934 4676 estet
949 4607 1073 4676 utilius

94 4703 272 4798 colloquiis
303 4718 337 4774 et
373 4705 563 4775 collatione
587 4699 842 4776 sententiarum
865 4708 1074 4794 interillos,

95 4805 150 4896 qui
175 4820 210 4878 et
235 4806 419 4878 veritatem
442 4819 581 4892 amant,
606 4821 640 4878 et
656 4809 795 4878 moneri
819 4832 855 4878 se
878 4811 1074 4903 patiuntur,
