4704 5804
125 249 194 326 am
456 283 459 288 -
501 219 544 238 ”
703 241 1149 324 sersrouanuu
1198 244 1306 324 nm.
1332 245 1398 325 1x.
1450 243 1584 324 asts.
2027 339 2030 348 ,
2086 249 2163 324 aaa

121 421 223 493 ctiam
238 435 359 494 utrum
374 447 442 494 vox
459 423 577 518 aliqua
598 421 705 496 certis
726 419 940 495 testimoniis
961 419 1055 492 edita
1079 432 1114 490 et
1161 413 1340 492 Ecclesiae
1356 419 1460 492 initia
1475 431 1509 490 et
1522 417 1788 511 propagationis
1801 417 2000 494 testimonia
2016 441 2160 494 suman-

120 527 297 618 qnomodo
311 539 503 618 propagata
525 523 644 598 fuerit.
686 521 783 594 Haec
799 547 879 594 cum
894 523 935 592 in
949 517 1111 617 Aegypto
1161 535 1240 610 tur,
1265 523 1428 612 dogmata
1452 523 1690 596 conserantur.

118 621 388 698 Mathematicos
402 627 553 711 audiret,
582 626 685 697 facile
701 649 743 696 ex
759 625 886 695 vicinis
901 621 1040 696 ludaeis
1055 623 1110 694 di·
1262 619 1362 726 Nihil
1377 637 1512 695 norunt
1527 613 1738 717 Philosophi
1753 627 1797 696 dc
1813 649 1915 696 causa
1931 627 2086 718 peccati,
2113 629 2156 698 de

119 751 209 798 scere
239 742 385 820 poterat.
453 727 524 800 Sed
551 741 586 799 et
616 751 737 798 vocem
765 739 801 798 et
822 723 1019 798 Ecclesiam
1042 723 1110 796 Dei
1161 727 1400 798 causamortis
1414 739 1448 796 et
1462 725 1660 815 ingentium
1675 727 1914 798 calamitatum
1930 729 2068 816 generis
2085 723 2155 800 hu-

116 830 266 900 marima
283 853 364 923 pars
379 824 569 901 hominum
583 853 722 928 semper
736 841 957 921 aspernatur.
1160 829 1277 926 mani,
1303 823 1397 898 nihil
1413 829 1457 898 de
1473 826 1696 898 restitutione
1719 853 1759 898 ac
1777 829 1849 900 vita
1870 843 2023 907 aeterna.
2077 829 2154 902 To·

1160 929 1227 999 ties
1244 943 1441 1024 quaerunt,
1457 931 1552 999 unde
1568 942 1706 1000 tantum
1721 931 1766 1001 sit
1784 931 2006 1002 miseriarum
2023 933 2061 1002 in
2080 945 2152 1003 tam

1159 1033 1350 1122 praestanti
1366 1047 1492 1104 natura
1508 1032 1647 1122 generis
1660 1027 1836 1102 humani?
1886 1033 2010 1105 Toties
2034 1035 2151 1106 excla-

1158 1147 1257 1204 mant
1273 1135 1495 1224 deplorantes
1508 1149 1580 1204 tam
1596 1157 1691 1203 acres
1708 1147 1742 1204 et
1757 1137 1919 1207 ardentes
1934 1137 2087 1229 impetus
2104 1140 2148 1207 ad

1158 1235 1255 1304 vitia.
1295 1233 1428 1306 Vident
1446 1235 1632 1324 languidas
1647 1259 1720 1306 csse
1736 1237 1883 1308 virtutes
1899 1251 1934 1308 et
1949 1233 2051 1309 sicile
2068 1263 2150 1309 eva-

1157 1349 1358 1418 nescentes,
1388 1338 1490 1420 utin
1511 1335 1705 1422 Pausania,
1738 1339 1799 1432 qui
1827 1339 1897 1410 fuit
1922 1341 1993 1411 dux
2025 1355 2147 1412 contra
2207 1409 2209 1416 ,

1158 1435 1401 1526 Mardonium,
1427 1453 1461 1508 et
1477 1434 1696 1524 Alexandro,
1722 1439 1794 1510 imo
1812 1439 1851 1509 in
1859 1437 2097 1514 Themistocle
2113 1457 2147 1514 et

1156 1540 1236 1610 aliis
1253 1540 1387 1614 multis.
1437 1535 1646 1612 Aristoteles
1660 1543 1818 1634 quaerit,
1843 1555 1884 1613 nt
1898 1543 2049 1615 aliorum
2069 1545 2148 1615 ani-

214 981 399 1073 Quorsum
414 995 531 1054 autem
542 977 610 1054 boc
625 965 696 1054 tam
711 981 837 1074 procul
848 979 1037 1074 repetitum
1049 1004 1110 1050 ex-

114 1085 256 1155 ordium
270 1085 446 1178 pertinet?
484 1083 566 1156 Huc
581 1084 766 1169 videlicet,
780 1098 822 1156 nt
838 1084 1007 1168 sciamus,
1021 1107 1109 1154 nus-

115 1211 218 1281 quam
242 1210 316 1258 esse
347 1211 468 1257 veram
490 1183 560 1257 Dei
579 1182 795 1271 Ecclesiam,
825 1185 897 1254 nisi
918 1185 1013 1276 apud
1037 1207 1107 1265 eos,

114 1289 174 1382 qni
195 1289 310 1359 libros
322 1283 555 1380 Propheticos
581 1300 616 1357 et
636 1283 863 1378 Apostolicos
887 1285 1109 1379 amplectun-

113 1405 187 1476 tur3
215 1411 395 1483 nusquam
409 1387 524 1459 Deum
539 1401 632 1458 recte
654 1387 837 1474 invocari,
861 1387 932 1458 nisi
954 1386 1019 1459 ubi
1042 1387 1108 1457 do-

113 1493 226 1563 ctrina
248 1487 378 1562 horum
406 1492 583 1560 librorum
610 1489 712 1562 lucet.
771 1487 853 1578 Qua
877 1489 977 1558 inre
1001 1487 1105 1560 etiam

112 1587 178 1663 hoc
199 1593 380 1684 singulare
396 1589 466 1662 Dei
486 1589 697 1662 beneficium
722 1591 1019 1661 considerandum
1043 1603 1106 1676 est,

112 1697 206 1788 quod
226 1693 325 1766 Deus
357 1707 391 1765 et
416 1691 598 1766 contextui
627 1692 743 1762 voluit
771 1692 945 1784 integram
978 1715 1105 1761 serrem

111 1797 274 1868 omnium
287 1808 507 1890 temporum,
532 1807 567 1866 et
580 1817 643 1864 sua
660 1817 744 1864 cura
765 1788 832 1864 hos
854 1793 965 1865 libros
987 1817 1106 1864 serva·

112 1899 177 1985 vit3
205 1899 282 1972 irno
297 1899 342 1968 ad
355 1893 485 1968 horum
500 1897 675 1968 librorum
691 1895 994 1966 conservationem
1012 1895 1105 1987 poli-

112 2001 157 2070 tia
172 2000 326 2072 mosaica
340 2000 529 2070 constituta
544 2011 612 2084 est,
627 2020 716 2092 quae
732 1998 819 2092 quid
834 1997 903 2070 fuit
916 1996 987 2069 nisi
1002 1991 1105 2068 scho-

111 2101 143 2170 la
157 2115 191 2174 et
205 2097 425 2174 bibliotheca
438 2096 568 2172 horum
584 2099 785 2170 librorum?
878 2109 882 2116 '

1155 1766 1267 1836 eoque
1291 1734 1527 1835 privationem
1549 1729 1642 1813 ihter
1664 1744 1840 1842 principia
1860 1771 1978 1818 rerum
2002 1763 2146 1820 natura-

1154 1845 1242 1914 lium
1259 1859 1430 1930 recenset,
1452 1858 1493 1915 ut
1516 1845 1675 1915 assiduos
1698 1847 1816 1939 lapsus
1828 1848 1993 1920 materiae
2006 1875 2094 1922 rnen
2103 1853 2149 1923 tis

1154 1947 1199 2016 ad
1216 1947 1303 2017 alias
1318 1947 1448 2020 formas
1466 1971 1609 2041 quoquo
1625 1949 1732 2027 modo
1754 1949 1898 2048 indicet.
1946 1949 1996 2024 At
2019 1947 2077 2025 hic
2101 1955 2148 2026 li·

1154 2050 1218 2119 ber
1233 2049 1337 2139 longe
1352 2048 1459 2120 aliam
1475 2073 1614 2120 causam
1633 2063 1667 2121 ct
1689 2051 1813 2120 mortis
1837 2045 2013 2124 humanae
2035 2070 2069 2127 et
2090 2057 2143 2125 vi·

971 2237 976 2244 ¹
1154 2151 1287 2222 tiorum
1309 2150 1483 2236 ostendit,
1517 2150 1737 2221 aversionem
1761 2153 1925 2224 videlicet
1953 2153 2071 2227 aDeo
2105 2157 2143 2227 in

207 2255 309 2330 Fons
324 2269 375 2326 est
390 2269 508 2326 autem
523 2254 660 2346 primus
674 2253 767 2324 liber
780 2249 910 2339 Moisi,
936 2252 1037 2323 cuius
1058 2253 1105 2323 ti·
1154 2265 1282 2323 natura
1304 2246 1477 2338 hnmana,
1500 2277 1609 2346 quae,
1642 2277 1782 2324 excussa
1807 2255 1886 2324 luce
1905 2269 1939 2325 et
1963 2259 2144 2348 agnitione

43 2371 46 2380 “
113 2358 206 2429 tulus
228 2373 283 2430 est
295 2351 465 2439 Genesis,
491 2381 598 2451 quem
620 2355 779 2426 fortassis
802 2355 964 2426 derident
986 2349 1104 2425 homi·
1153 2351 1221 2425 Dei
1246 2368 1279 2425 et
1301 2355 1391 2440 vita,
1422 2355 1606 2426 accersivit
1635 2355 1704 2424 sibi
1734 2357 1977 2428 confusionem
2002 2361 2146 2446 virium,

112 2483 170 2530 nes
189 2456 390 2554 prophani,
419 2484 484 2529 nec
507 2457 652 2529 differre
674 2462 801 2549 p'utant
830 2455 999 2526 aTimeo
1021 2453 1105 2527 Pla·
1154 2456 1289 2527 diaboli
1310 2456 1536 2552 tyrannidem
1558 2469 1592 2526 et
1607 2471 1768 2544 mortem.
1805 2455 1944 2530 Horu'm
1967 2463 2143 2538 malorum

113 2563 221 2645 tonis,
256 2564 297 2632 in
319 2587 390 2658 quo
412 2562 520 2632 etiam
542 2559 714 2630 extructio
738 2558 866 2628 mundi
880 2559 1102 2633 describitur.
1153 2559 1361 2650 magnitudo
1383 2571 1417 2629 et
1431 2559 1595 2631 atrocitas
1610 2573 1793 2652 conspecta
1808 2574 1861 2631 est
1873 2562 1996 2652 primis
2015 2589 2144 2656 paren-

95 2661 177 2734 'Sed
199 2665 284 2756 pins
305 2666 418 2734 lector
439 2663 520 2750 scit,
549 2661 674 2753 ingens
703 2684 776 2730 esse
797 2659 988 2730 discrimen
1018 2685 1104 2752 pro-
1153 2661 1308 2733 tibusin
1326 2660 1518 2752 parricidio
1534 2658 1642 2746 Cain,
1668 2675 1703 2733 et
1722 2662 1803 2730 aliis
1824 2656 2013 2750 horrendis
2036 2666 2144 2736 scele-

113 2760 309 2855 phanarum
333 2763 610 2856 descriptionum
634 2775 669 2833 et
688 2757 815 2848 huius,
839 2761 988 2832 traditae
1008 2762 1104 2832 divi·
1152 2763 1270 2859 ribus,
1302 2787 1392 2857 quae
1414 2763 1582 2833 viderunt
1603 2762 1642 2832 in
1664 2763 1727 2833 illo
1751 2763 1867 2855 primo
1884 2765 1972 2836 flore
1994 2761 2143 2838 humani

113 2867 213 2940 nitus.
267 2867 350 2938 Non
364 2879 503 2938 tantum
517 2867 561 2936 de
577 2885 765 2957 corporum
781 2863 895 2934 initiis
918 2877 953 2936 et
975 2877 1102 2935 natura
1152 2865 1308 2956 generis,
1337 2864 1407 2959 qui·
1423 2879 1569 2937 naturae
1595 2864 1748 2955 puritate
1770 2879 1805 2937 et
1816 2868 2028 2959 praestantia
2043 2884 2145 2941 ante-

113 2962 167 3038 hic
187 2970 341 3055 dicitur,
366 2970 428 3039 sed
442 2966 539 3037 Deus
565 2966 788 3039 describitur.
838 2963 978 3039 Deinde
1000 2965 1110 3036 initia>
1153 2967 1285 3040 colluit.

112 3065 307 3158 Ecclesiae,
331 3069 478 3162 propter
493 3092 599 3164 quam
614 3082 749 3140 caetera
763 3068 905 3138 condita
921 3081 1021 3154 sunt,
1045 3093 1104 3140 re-
1253 3065 1393 3140 Deinde
1409 3067 1716 3160 inpropagetione
1739 3081 1775 3140 et
1798 3068 2056 3142 instauratione
2074 3069 2147 3144 Ec-

115 3172 285 3258 citantur,
309 3196 400 3267 quae
414 3172 498 3241 sciri
514 3193 654 3240 necesse
669 3183 737 3253 est,
762 3182 803 3240 ut
816 3169 985 3252 sciamus,
1006 3171 1103 3240 unde
1153 3171 1276 3240 clesiac
1291 3169 1505 3262 proponitur
1528 3169 1678 3242 illustris
1691 3172 1828 3262 imago,
1852 3173 1891 3240 in
1905 3199 1974 3266 qua
1992 3189 2146 3266 apparet,

113 3273 156 3344 sit
165 3271 346 3345 Ecclesiae
369 3273 547 3358 doctrina,
572 3285 606 3342 et
630 3271 809 3366 quomodo
832 3285 1023 3363 propagata
1045 3272 1102 3346 sit.
1152 3267 1347 3344 Ecclesiam
1368 3295 1443 3342 non
1468 3295 1541 3342 esse
1556 3295 1702 3362 regnum
1728 3287 1789 3344 aut
1812 3273 1971 3365 politiam
1993 3278 2147 3347 munda·

112 3368 285 3446 Ethnicae
306 3375 573 3469 superstitiones
600 3375 822 3465 irrepserunt
844 3374 881 3442 in
913 3367 1102 3444 hominum
1152 3399 1247 3462 nam,
1262 3387 1394 3465 septam
1410 3375 1554 3444 armatis
1570 3375 1772 3466 praesidiis,
1794 3377 1854 3446 sed
1871 3391 1992 3448 coetus
2006 3378 2143 3471 disper-

114 3479 356 3549 conventicula
379 3478 459 3552 sine¹
480 3477 583 3546 certis
599 3475 800 3560 autoribus,
825 3489 944 3566 postea
966 3499 1031 3566 per
1049 3477 1103 3546 fa·
1153 3501 1230 3558 sos,
1256 3500 1330 3545 non
1349 3489 1465 3545 tamen
1481 3477 1667 3562 obscuros,
1690 3479 1750 3548 sed
1774 3477 2059 3550 circumferentes
2079 3507 2145 3550 vo-

52 3644 55 3662 ,
113 3579 246 3651 naticos
282 3576 448 3651 homines
481 3577 588 3648 variis
621 3577 866 3648 occasionibus
905 3577 1102 3648 cumulatae
1153 3604 1228 3648 cem
1248 3578 1427 3663 divinam,
1452 3591 1487 3648 et
1508 3578 1548 3647 in
1571 3580 1815 3674 congressibus
1844 3581 1995 3670 publicis
2017 3605 2057 3650 ac
2077 3575 2145 3651 ho-

114 3695 203 3757 suot.
256 3677 307 3754 At
329 3677 388 3751 hic
405 3681 590 3760 discimus,
615 3674 792 3748 Ecclesiae
817 3678 1016 3748 doctrinam
1035 3675 1101 3748 Dei
1153 3681 1282 3765 nestis,
1312 3693 1352 3750 ut
1376 3679 1414 3778 ip
1440 3673 1589 3765 scholis,
1622 3681 1861 3772 impertientes
1885 3706 1960 3751 cam
1975 3680 2146 3773 Regibus,

113 3807 192 3853 voce
216 3784 343 3876 primis
364 3782 570 3874 parentibus
593 3781 759 3854 traditam
790 3803 879 3865 esse,
915 3791 951 3849 et
973 3779 1103 3850 deinde
1153 3781 1398 3874 Principibus,
1421 3779 1654 3868 Civitatibus,
1680 3797 1714 3852 et
1730 3783 1860 3854 multos
1876 3785 2005 3875 passim
2024 3787 2067 3854 ad
2084 3810 2146 3854 ve-

113 3899 277 3978 perpetna
300 3885 389 3955 serie
411 3897 659 3977 propagatam,
690 3907 757 3952 nec
781 3882 857 3950 sine
881 3881 1103 3952 testimoniis.
1152 3909 1228 3956 ram
1244 3882 1505 3953 invocationem
1520 3881 1589 3952 Dei
1605 3879 1866 3974 pertrahentes,
1893 3887 2029 3954 etiamsi
2052 3887 2145 3956 inte-

112 3981 237 4058 Enoch
265 4003 385 4080 raptus
414 3981 629 4070 in'coelum,
661 3977 765 4053 Nohe
784 4008 866 4053 vere
896 3983 1103 4075 praedicans
1152 3985 1221 4054 rim
1238 3985 1459 4069 riderentur,
1482 3986 1769 4076 explodercntur,
1794 3987 2012 4076 pellerentur
2031 4012 2049 4056 a
2068 3987 2145 4082 Ty-

114 4088 308 4176 diluvium,
348 4103 381 4159 et
401 4101 697 4180 posteaservatus
717 4086 756 4154 in
779 4084 928 4155 diluvio.
978 4081 1104 4156 Abra·
1152 4086 1276 4156 cannis
1299 4100 1373 4172 eta
1396 4085 1545 4154 maxima
1570 4099 1667 4178 parte
1687 4081 1885 4156 hominum.
1951 4084 2144 4158 Melchise-

114 4183 212 4274 ham,
247 4189 363 4276 Isaac,
397 4189 521 4274 lacob,
555 4181 706 4281 Ioseph,
745 4211 825 4256 cum
856 4188 970 4257 multa
1002 4187 1102 4276 signa
1153 4183 1263 4275 dech,
1288 4187 1774 4282 quemveteresscripser'nnt
1798 4213 1872 4259 esse
1892 4187 1995 4275 Sem,
2028 4190 2143 4260 filiurn
2231 4249 2234 4255 .

115 4291 202 4378 sint,
229 4317 289 4364 eos
311 4294 507 4362 sacerdotes
528 4315 568 4360 ac
590 4291 752 4360 doctores
774 4287 947 4358 divinitus
962 4301 1101 4358 vocatos
1151 4285 1293 4376 Nohae,
1335 4289 1523 4381 sapientia,
1573 4289 1723 4376 iustitia,
1775 4302 1888 4362 aetate
1931 4293 2144 4362 arttecellcns

113 4393 235 4480 luisse,
276 4407 378 4464 testes
410 4406 494 4463 sunt
523 4391 725 4476 certissimi,
765 4385 858 4459 hanc
892 4385 1102 4476 doctrinam,
1152 4393 1318 4464 omnibus
1332 4385 1539 4461 hominibus
1554 4391 1629 4461 eius
1645 4393 1824 4484 temporis,
1848 4393 1912 4462 diu
1923 4389 2016 4464 haud
2035 4395 2143 4464 dubie

116 4519 218 4588 quam
245 4495 508 4588 amplectuntur
536 4519 576 4563 ac
604 4504 792 4585 spargunt,
829 4491 989 4560 divinam
1017 4513 1101 4565 esse.
1151 4493 1317 4567 Sodomis
1332 4505 1366 4562 et
1379 4492 1505 4563 vicinis
1519 4493 1606 4564 locis
1624 4495 1852 4564 concionatus
1869 4509 1931 4566 est.
1972 4494 2062 4564 Nam
2080 4498 2144 4566 do-

116 4591 250 4670 Obiicit
280 4589 527 4692 Symmachus
558 4589 790 4676 Christianis,
826 4605 1101 4663 consentaneum
1151 4595 1324 4666 micilium
1348 4593 1458 4686 ipsius
1478 4617 1498 4664 a
1521 4593 1686 4666 Sodomis
1707 4619 1781 4666 non
1804 4597 1884 4688 plus
1912 4609 1990 4668 octo
2012 4599 2143 4668 nostris

116 4721 194 4784 esse,
208 4699 482 4771 vetustissimam
497 4697 695 4767 doctrinam
713 4694 887 4765 veriorem
905 4717 988 4778 esse,
1000 4693 1101 4787 Apo·
1151 4697 1352 4788 miliaribus
1366 4696 1491 4770 abluit.
1542 4693 1691 4769 Cortum
1707 4698 1816 4788 igitur
1837 4692 1961 4768 habuit
1985 4723 2058 4768 non
2082 4701 2143 4768 de-

117 4801 271 4872 stolicam
304 4825 388 4872 vero
421 4822 543 4869 recens
585 4809 823 4869 commentum
862 4819 936 4867 csse
973 4793 1101 4891 idquit.
1152 4799 1391 4892 spiciendum,
1413 4799 1565 4868 familias
1574 4793 1759 4886 Abrahae,
1783 4793 1879 4870 Loth
1896 4813 1931 4869 ct
1946 4799 2034 4870 alios
2049 4801 2142 4868 mul-

117 4899 233 4994 Longe
269 4917 361 4973 errat
384 4894 635 4997 Symmachus,
668 4923 709 4968 ac
728 4897 913 4968 manifeste
937 4899 1103 4968 convinci
1153 4913 1217 4973 tos.
1266 4897 1344 4971 Etsi
1359 4899 1454 4969 enim
1471 4901 1593 4990 exigua
1607 4915 1658 4972 est
1673 4897 1846 4987 Ecclesia,
1869 4915 1988 4972 tamen
2004 4925 2142 4992 semper

118 5017 244 5093 potest,
268 5005 419 5098 primam
439 4997 875 5073 esseomniumEcclesiae
892 5001 1102 5075 doctrinam.
1141 5003 1272 5096 -aliqua
1293 5015 1363 5084 est,
1401 5015 1434 5072 et
1463 5027 1537 5071 non
1569 5003 1716 5072 obscura
1750 5001 1962 5095 frequentia.
2007 4999 2056 5072 Et
2077 4997 2143 5072 bae

119 5101 159 5174 ld
178 5101 236 5178 hic
257 5107 474 5198 ostenditur,
494 5128 573 5174 cum
598 5117 632 5174 ct
655 5102 816 5172 doctrina
835 5125 854 5171 a
873 5099 950 5172 Deo
973 5103 1101 5174 tradita
1153 5099 1293 5175 scholae
1308 5103 1482 5173 divinitus
1496 5104 1714 5192 tegebantur.
1764 5101 1856 5172 Nam
1873 5103 2009 5172 vicinae
2026 5104 2143 5188 urbes,

120 5209 280 5280 recitatur
305 5221 340 5278 et
363 5221 528 5278 narratur
550 5203 707 5296 gentium
720 5203 946 5296 propagatio,
971 5228 1061 5299 qnae
1083 5227 1103 5274 a
1153 5229 1304 5300 quarum
1319 5205 1506 5297 praecipua
1523 5219 1597 5276 erat
1612 5205 1786 5296 potentia,
1812 5203 1967 5275 Sodoma
1983 5218 2015 5274 et
2030 5220 2144 5277 caete-

122 5309 429 5397 primajdoctrinae
443 5308 599 5402 puritate
614 5306 860 5392 discesserunt,
886 5319 921 5375 et
935 5329 1044 5376 novas
1061 5307 1104 5376 de
1154 5333 1234 5394 rae,
1259 5305 1408 5377 immani
1429 5307 1548 5375 surore
1568 5309 1846 5398 aspernabantur
1870 5306 2052 5377 coelestem
2079 5310 2144 5377 do-

121 5404 191 5484 Deo
214 5414 400 5508 opiniones
422 5425 456 5482 et
479 5399 575 5480 idola
599 5406 850 5498 excogitarunt.
901 5403 996 5500 Ergo
1021 5403 1105 5482 binc
1155 5411 1324 5496 ctrinam,
1354 5408 1661 5580 {gssbm‘l'fflffl
1690 5407 1957 5480 concionatores
1988 5411 2146 5483 oderant.

1037 1691 1046 1708 .
1155 1641 1329 1713 mentium
1352 1642 1399 1711 ita
1424 1636 1600 1712 humanae
1621 1643 1746 1714 mortis
1761 1667 1900 1714 causam
1925 1645 1963 1714 in
1987 1649 2147 1734 materia,
2199 1683 2209 1704 ·
2260 1649 2273 1670 ⁰
