4654 5804
221 226 299 314 671Ι

225 513 338 605 magis
357 509 516 592 amabat,
547 528 655 599 quam
675 503 818 595 imperii
838 501 1006 592 gloriam,
1030 523 1119 594 quae
1143 500 1220 568 sinc

226 614 365 706 magnis
386 608 587 692 laboribus,
617 605 868 676 certaminibus
890 619 924 675 et
945 602 1112 695 periculis
1135 601 1221 672 reti-

226 717 307 792 neri
323 737 397 786 non
413 723 547 805 potest,
571 708 831 780 transtulerunt
847 703 1057 776 Comoedias
1078 705 1124 773 ad
1145 702 1222 796 pri-

227 833 409 900 vatorum,
434 815 507 882 imo
525 813 570 881 ad
587 811 776 892 iuvenum,
799 807 1024 877 meretricum
1048 819 1081 876 et
1098 830 1221 875 servo-

226 919 452 1002 rumludos,
485 913 664 1007 pericula,
697 925 732 982 et
757 911 993 1002 inexpectatos
1015 931 1133 992 casus,
1158 906 1221 1000 qui

226 1047 308 1100 cum
326 1020 440 1092 exitus
461 1029 546 1088 sunt
570 1015 673 1100 laeti,
693 1035 819 1103 magna
844 1036 924 1081 cum
949 1011 1132 1102 voluptate
1156 1034 1220 1078 au-

228 1124 389 1198 diuntur.
425 1114 474 1190 Et
489 1133 607 1189 tamen
623 1115 811 1186 consilium
828 1114 868 1182 in
884 1113 1125 1184 describendis
1141 1134 1222 1202 per·

228 1226 326 1300 sonis
337 1226 434 1296 idem
447 1221 517 1290 luit
531 1220 570 1288 in
586 1214 652 1288 hac
666 1242 758 1286 nova
774 1215 977 1299 Comoedia,
994 1215 1090 1308 quod
1107 1213 1144 1282 in
1161 1237 1223 1281 ve-

214 1329 308 1404 ‘tert
357 1325 429 1398 Sed
444 1335 533 1394 tecte
548 1320 637 1390 lictis
657 1319 864 1388 nominibus
879 1331 914 1387 et
934 1316 1082 1407 privatis
1100 1339 1223 1407 perso-

227 1431 285 1502 nia
313 1425 533 1520 potentiores
564 1422 872 1512 significabantur,
915 1432 949 1487 et
982 1418 1223 1486 miscebantur

229 1531 376 1616 consilia
392 1531 436 1600 de
451 1525 618 1597 omnibus
634 1524 727 1592 vitae
744 1523 920 1613 partibus,
945 1543 985 1588 ac
1006 1531 1144 1588 tantum
1160 1541 1222 1585 vc-

228 1633 379 1706 nustatis
401 1643 435 1702 et
454 1627 586 1721 leporis
611 1625 648 1694 in
664 1617 879 1694 Menandri
896 1621 1027 1690 fabulis
1049 1621 1137 1702 suit,
1161 1619 1224 1710 qui

229 1750 334 1816 autor
353 1747 405 1805 est
425 1730 634 1823 praecipuus
656 1750 769 1796 novae
794 1723 1026 1806 Comoediae,
1059 1735 1100 1792 ut
1125 1723 1224 1790 dixe-

228 1839 304 1912 rint
321 1837 385 1906 illo
401 1834 474 1904 sale
488 1852 691 1922 conspersas
707 1852 797 1912 csse,
811 1850 853 1896 ex
871 1850 941 1919 quo
954 1820 999 1896 V
993 1846 1100 1907 enus,
1118 1847 1223 1915 quam

228 1943 370 2032 lingunt
388 1936 479 2006 mari
503 1947 639 2016 ortam,
679 1945 762 2000 nata
790 1928 932 2000 dicitur.
991 1923 1082 1995 Cum
1108 1939 1224 1994 autem

227 2045 353 2119 eadem
367 2051 478 2110 aetate
493 2035 598 2105 multi
616 2025 772 2102 Athenis
788 2032 826 2100 in
844 2031 968 2099 eodem
990 2025 1225 2117 generescri-

229 2145 340 2216 beudi
356 2139 593 2220 elaboramus,
613 2149 652 2204 'et
676 2135 811 2223 egregia
828 2143 1055 2202 monumenta
1071 2129 1225 2221 plurima

230 2244 459 2340 reliquerint,
491 2260 706 2328 magnopere
738 2236 934 2304 dolendum
956 2245 1028 2314 est,
1061 2255 1123 2300 seu
1159 2225 1226 2298 ho-

231 2349 369 2420 minum
413 2342 594 2424 barbarie,
635 2362 696 2408 seu
737 2350 883 2430 propter
915 2333 1048 2404 excidia
1081 2332 1226 2402 urbium

231 2449 353 2524 omnia
368 2446 529 2516 funditus
546 2441 731 2518 interiisse.
782 2437 873 2507 Nam
890 2450 924 2504 et
940 2460 980 2506 cx
995 2427 1152 2502 Latinis
1167 2445 1226 2502 ut-

233 2573 374 2645 cunque
396 2545 575 2620 aestimari
597 2554 729 2634 potest,
771 2551 944 2633 quantum
969 2535 1165 2606 venustatis
1187 2533 1226 2602 in

103 2689 108 2698 ’
233 2649 391 2727 Graecis
412 2649 537 2730 luerit,
576 2659 609 2715 ct
632 2645 825 2732 fragmenta
848 2653 932 2710 sunt
955 2637 1227 2729 elegantissima3

232 2755 399 2848 Denique
427 2761 703 2820 consentaneum
728 2757 796 2828 cst,
824 2739 988 2812 homines
1008 2735 1146 2809 Atticos
1168 2738 1227 2806 in·
1278 2779 1286 2788 -

235 2858 349 2951 geniis
371 2868 406 2924 et
430 2850 631 2922 eruditione
660 2846 888 2928 excellentes,
923 2844 1042 2934 lepore
1076 2842 1169 2912 inter
1193 2863 1229 2908 se

236 2970 428 3042 certantes,
449 2979 528 3024 cum
551 2966 584 3023 et
608 2947 724 3020 honos
743 2961 832 3016 esset
845 2943 930 3016 huic
946 2945 1086 3030 studio,
1112 2957 1146 3012 et
1168 2941 1231 3010 alii

235 3065 281 3135 ab
296 3061 376 3132 aliis
390 3072 467 3130 tum
481 3054 735 3134 excitarentur,
762 3063 839 3120 tum
855 3048 1127 3128 adiuvarentur,
1153 3067 1228 3112 uon

235 3165 391 3238 insulsos
414 3161 529 3240 iocos,
554 3155 675 3250 quales
700 3175 797 3222 nunc
820 3163 904 3220 sunt
924 3169 1125 3218 scurrarum
1141 3145 1232 3215 auli-

179 3255 187 3262 *
234 3289 379 3349 eorum,
404 3262 445 3330 in
463 3255 600 3332 theatra
615 3255 793 3338 attulisse,
818 3253 878 3320 sed
903 3251 1079 3342 sapienter
1095 3248 1234 3336 excogi-

238 3381 310 3450 tata
325 3375 549 3456 argumenta,
576 3371 610 3428 et
628 3356 796 3426 varietate
819 3353 1020 3436 doctrinae,
1046 3365 1080 3422 et
1099 3350 1234 3420 oratio-

238 3465 483 3550 nissuavitate
502 3459 705 3533 dulcissime
722 3468 856 3527 ornata.

342 3569 534 3661 Postquam
565 3586 647 3632 vcro
672 3569 903 3628 monumenta
932 3549 1063 3624 horum
1088 3550 1234 3621 interie-

239 3687 345 3758 runt,
370 3668 533 3762 reliquiis
547 3667 727 3745 truamur,
751 3651 884 3728 Plauti
899 3669 932 3727 et
948 3650 1115 3726 Terentii
1129 3653 1229 3723 iabu-

240 3779 303 3864 lis,
319 3788 355 3846 et
369 3769 433 3843 has
445 3768 584 3862 saepius
598 3767 772 3856 legamus,
788 3785 869 3831 curn
885 3773 926 3829 ut
941 3781 1141 3828 sermonem
1149 3747 1234 3823 La-

240 3877 360 3952 tinum
374 3875 459 3944 inde
476 3867 700 3950 hauriamus,
726 3877 801 3936 tum
814 3887 899 3932 vero
914 3874 954 3932 ut
968 3883 1107 3929 morum
1121 3871 1155 3928 et
1169 3881 1233 3927 vo-

241 3985 419 4056 luntatum
444 3969 752 4044 dissimilitudines
781 3965 821 4032 in
847 3963 1009 4056 personis
1032 3961 1234 4030 considere-

241 4107 331 4154 mus.
395 4075 510 4149 Aiuut
535 4063 786 4168 Antiphonem
812 4065 996 4138 Comicum
1029 4057 1233 4131 Alexandro

242 4180 472 4256 Comoediam
491 4175 714 4256 recitantem,
739 4193 819 4239 cum
844 4167 1140 4236 animadverteret
1159 4160 1234 4233 Re.-

242 4285 300 4376 gi,
322 4284 362 4352 in
380 4303 451 4372 quo
469 4275 652 4348 urbanitas
668 4286 702 4342 et
716 4269 887 4360 elegantia
902 4288 1039 4336 summa
1058 4276 1150 4347 erat,
1177 4263 1233 4330 in-

243 4386 355 4478 eptias
371 4382 507 4473 aliquas
520 4376 725 4467 displicere,
749 4372 896 4454 dixisse,
923 4369 966 4436 iis
991 4367 1135 4434 demum
1157 4364 1234 4455 pla-

244 4510 322 4560 cere
337 4479 563 4563 Comoedias,
587 4475 652 4568 qui
671 4487 705 4544 et
729 4473 796 4563 ipsi
811 4481 1096 4541 commessatores
1112 4478 1235 4549 essent,

244 4603 280 4662 et
296 4612 315 4658 a
333 4581 553 4656 mulierculis
570 4578 688 4670 plagas
703 4574 877 4665 accipere,
903 4585 938 4642 et
952 4569 1001 4640 eis
1018 4569 1101 4638 dare
1117 4567 1235 4660 plagas

244 4683 518 4766 consuevissent.

345 4787 480 4860 Natura
496 4782 640 4877 quidem
655 4777 705 4848 ita
719 4774 777 4859 lit,
802 4786 843 4842 ut
861 4772 1012 4842 maxime
1027 4793 1149 4840 eorum
1174 4789 1235 4837 seu

246 4895 416 4970 ludorum
440 4909 502 4956 seu
524 4881 725 4953 studiorum
747 4871 1079 4944 commemoratione
1094 4891 1237 4938 movea-

246 5019 347 5080 mur,
367 5013 457 5085 quac
480 4975 709 5057 exercuimus.
762 4974 834 5046 Scd
856 4975 896 5042 in
917 4973 1048 5042 fabulis
1065 4994 1139 5040 non
1158 4982 1237 5040 tan-

217 5075 218 5081 *
246 5115 325 5172 tum
337 5093 407 5166 ioci
423 5103 507 5162 sunt
521 5081 695 5157 amatorii.
742 5073 825 5147 Alia
840 5074 949 5144 multa
966 5086 1050 5144 sunt
1064 5071 1168 5164 plena
1182 5093 1237 5139 sa-

188 5175 193 5182 .
246 5198 411 5294 pientiae.
463 5191 612 5260 Viderat
625 5173 842 5252 Alexander
857 5177 897 5244 in
912 5176 992 5246 aula
1010 5173 1141 5242 multos
1160 5165 1239 5240 De-

247 5323 369 5379 meas,
389 5288 655 5372 Phormiones,
682 5272 913 5353 Gnathones.
962 5274 1110 5344 Viderat
1125 5273 1163 5341 in
1181 5297 1239 5357 ex,-

247 5404 360 5478 ercitu
388 5399 519 5468 multos
554 5383 781 5462 Thrasones.
846 5377 1024 5451 Usitatum
1053 5387 1104 5444 est
1124 5387 1240 5444 autem

804 218 1248 300 uarsroreuou
1298 205 1499 306 mnu.
1551 225 1684 308 ests.
1764 231 1769 238 ·

225 409 472 502 voluptatum,
512 416 547 475 et
573 400 726 496 populus
750 399 983 493 tranquillam
1013 383 1232 468 servitutem

1232 3845 1246 3865 Νι

2180 219 2246 298 572

1267 399 1373 474 uobis
1389 399 1558 472 omnibus
1574 424 1595 470 a
1611 399 1744 474 talibus
1765 400 1946 472 interdum
1961 398 2169 472 contumelia
2190 399 2248 468 ad·
2307 399 2308 488 l

1268 503 1336 576 lici.
1387 499 1528 572 Homm
1545 503 1717 594 imagines
1732 503 1778 582 in,
1786 496 1926 574 Plauto
1941 516 1976 574 et
1989 497 2159 572 Terentio
2173 525 2247 592 pro-
2307 515 2308 526 ¹

1268 605 1420 696 positas,
1453 603 1642 695 diligenter
1665 606 1847 678 intueatur
1868 607 2053 690 iuventus,
2083 617 2126 674 ut
2146 625 2247 694 agno·

1268 730 1383 792 scere,
1406 707 1543 792 odisse,
1570 719 1605 778 et
1628 708 1749 798 lugere
1769 731 1947 790 morosos,
1979 708 2168 791 rixatores,
2199 727 2251 798 sy·

1268 804 1479 902 cophantas,
1518 809 1738 894 ardeliones,
1778 824 1982 898 arrogantes
2021 820 2253 892 assentatores,

1269 933 1421 1004 quorum
1443 911 1569 1002 plenae
1590 924 1676 982 sunt
1697 935 1820 982 omues
1842 913 2000 982 civitates
2018 911 2140 981 discat.
2189 907 2252 978 Nec

1268 1007 1464 1082 Terentius
1487 1013 1579 1105 ipse,
1605 1037 1685 1082 cum
1700 1007 1881 1082 Demeam
1908 1008 2153 1086 etMitionem
2176 1033 2252 1081 con·

1268 1115 1394 1200 ferret,
1419 1115 1513 1184 cives
1530 1115 1699 1185 obscuros
1724 1128 1758 1186 et
1777 1115 1952 1206 ignobiles
1968 1127 2085 1184 mente
2099 1113 2253 1184 intueba-
2308 1181 2309 1214 ,

1270 1230 1339 1289 tur.
1390 1215 1461 1288 Sed
1476 1207 1635 1286 Catonis
1647 1217 1888 1289 morositatem
1900 1218 2093 1302 irridebat,
2121 1208 2254 1286 ethae-

1272 1314 1318 1387 lii
1338 1341 1401 1387 seu
1423 1313 1611 1414 Scipionis
1633 1321 1840 1410 gravitatem
1868 1321 2012 1391 lenitate
2036 1333 2069 1390 et
2093 1319 2255 1388 suavitate

1271 1433 1498 1510 temperatam
1515 1421 1694 1495 laudabat.
1746 1420 1798 1492 lta
1823 1423 1889 1492 erit
1907 1421 2048 1492 dulcior
2067 1421 2174 1491 lectio
2194 1417 2255 1490 Co-

1270 1522 1503 1608 mediarum,
1518 1547 1598 1591 cum
1609 1522 1717 1592 vitam
1729 1517 1919 1594 hominum
1935 1523 2255 1615 contemplabimur,

1271 1637 1304 1694 ct
1319 1647 1470 1717 quorum
1485 1626 1679 1716 pingantur
1693 1649 1827 1712 mores,
1850 1627 2184 1696 animadvertemus.

1373 1752 1520 1822 Interim
1546 1767 1580 1824 et
1612 1748 1681 1825 hoc
1711 1755 1873 1848 proderit
1900 1755 2111 1840 iuvenibus,
2139 1755 2255 1836 videre,

1271 1856 1336 1926 ubi
1352 1879 1371 1924 a
1388 1857 1490 1926 factis
1511 1857 1717 1946 vulgaribus
1735 1857 1849 1929 oratio
1869 1857 1914 1926 ad
1930 1852 2065 1927 Theses
2082 1870 2119 1927 et
2134 1857 2255 1947 gravis·
2309 1889 2310 1912 .

1272 1958 1441 2027 simarum
1459 1983 1578 2028 rerum
1596 1959 1774 2030 doctrinas
1798 1960 2039 2032 transferatur.
2095 1957 2256 2048 Queritur

1272 2081 1394 2128 servus
1413 2063 1506 2152 apud
1521 2053 1722 2142 Plautum,
1746 2085 1820 2131 non
1837 2061 1939 2130 reddi
1957 2073 2135 2133 mutuum.
2182 2059 2257 2128 lude

1274 2185 1378 2255 quam
1387 2159 1573 2251 Tragicam
1589 2164 1768 2257 querelam
1787 2163 1938 2249 extruit,
1962 2165 2006 2232 de
2020 2163 2140 2252 legum
2158 2177 2190 2232 et
2202 2163 2257 2230 bo-

1273 2286 1403 2333 norum
1420 2287 1560 2333 morum
1578 2265 1785 2336 contemtu?
2127 2267 2139 2288 ‘

1316 2391 1442 2471 Mores,
1463 2390 1547 2475 leges
1571 2396 1777 2476 perduxerunt
1798 2395 1859 2457 iam
1880 2393 1912 2457 in
1936 2401 2119 2474 potestatem
2140 2411 2234 2456 sustu:

1318 2478 1382 2574 Eae
1412 2475 1542 2541 miserae
1570 2481 1660 2543 etiam
1688 2484 1728 2543 ad
1756 2481 1902 2562 parietem
1935 2488 2006 2542 suut
2036 2477 2120 2542 lixae
2149 2478 2237 2542 cleris

1317 2645 1377 2710 Ubi
1400 2639 1501 2711 alalos
1524 2647 1618 2732 adfigi
1639 2649 1733 2714 nimio
1755 2567 2018 2729 tuebeartreiiduius.

1376 2796 1431 2870 De
1455 2823 1493 2868 re
1515 2825 1643 2892 magna
1664 2799 1898 2875 cinciouatur
1918 2825 2060 2887 servus,
2098 2816 2134 2872 et
2156 2815 2258 2870 tamen

1277 2901 1375 2971 iocus
1399 2915 1450 2972 est
1470 2903 1649 2974 admixtus
1678 2905 1853 2992 comicus,
1886 2901 2107 2994 deligendis
2136 2904 2180 2972 ad
2206 2925 2259 2994 pa-

1277 3003 1402 3074 rietem
1415 2998 1623 3075 hominibus
1644 3006 1828 3099 improbis.
1873 3005 1971 3078 Haec
1988 3003 2261 3103 commemorari,

1278 3118 1320 3175 ut
1340 3105 1578 3176 adolescentes
1603 3111 1870 3178 commonefacti
1892 3111 1936 3177 de
1961 3107 2140 3192 consiliis,
2166 3128 2260 3200 quare

1278 3205 1435 3298 primum
1459 3208 1608 3300 scriptae
1631 3207 1850 3300 Tragoedias
1872 3225 1906 3282 et
1925 3207 2161 3293 Comoedias,
2180 3209 2260 3277 etde

1280 3333 1402 3378 earum
1430 3309 1583 3380 utilitate
1614 3310 1784 3384 libentius
1819 3337 1875 3382 eas
1909 3325 1945 3382 et
1975 3309 2116 3403 saepius
2146 3311 2259 3401 legant.

1280 3409 1454 3480 Promitto
1470 3411 1575 3481 etiam
1595 3412 1645 3480 eis
1664 3407 1730 3483 hoc
1754 3428 1982 3497 eventurum,
2008 3427 2045 3482 ut
2062 3437 2135 3506 quo
2159 3414 2260 3502 legent

1281 3511 1437 3601 saepius,
1461 3523 1501 3582 eo
1519 3514 1629 3603 magis
1645 3516 1880 3587 admiraturus
1896 3529 1931 3587 et
1947 3527 2149 3599 amaturos,
2174 3529 2203 3584 et
2218 3513 2259 3580 lc-

1281 3627 1398 3683 cturos
1416 3639 1472 3684 cas
1488 3615 1638 3689 avidius.
1690 3615 1787 3687 Bene
1802 3619 1890 3692 vale.
1931 3613 2090 3710 'Calend
2108 3615 2259 3688 Ianuarii.

1285 3713 1394 3788 1545.

1282 4111 1348 4184 No.
1362 4108 1474 4184 ³109.

1288 4205 1460 4234 Μ

2003 4125 2035 4186 8.
2052 4117 2115 4180 lau.
2144 4119 2189 4198 (h.
2202 4115 2258 4194 ui)

2010 4211 2255 4249 ..φ-ι

1629 4311 1690 4394 Μ.
1722 4309 1930 4400 Crodeiio.

1385 4470 1469 4542 Epist.
1487 4469 1536 4524 lib.
1556 4469 1589 4525 V.
1608 4490 1635 4544 p.
1655 4472 1708 4528 875
1724 4491 1765 4545 sq.

1283 4623 1449 4698 Marco
1474 4619 1695 4700 Crodelio
1723 4627 1974 4824 (gubessnanti
1997 4627 2165 4706 scholam
2178 4625 2212 4704 T
2212 4651 2259 4698 or-

1694 4754 1840 4826 gensem

1284 4839 1330 4932 S.
1354 4857 1398 4936 D.
1450 4857 1664 4934 Charissime
1686 4861 1819 4939 Marce.
1851 4863 2096 4938 'Commendo
2121 4869 2183 4940 tibi
2207 4861 2258 4934 hos

1286 4965 1375 5032 duos
1410 4965 1645 5035 adolescentes
1680 4967 1834 5038 duorum
1867 4969 2085 5062 optimorum
2119 4972 2258 5039 virorum

1286 5063 1395 5150 lilios,
1428 5063 1584 5137 Pastoris
1606 5061 1831 5155 Bornensis,
1861 5085 1894 5140 ct
1919 5069 2187 5144 Concionatoris
2207 5054 2260 5136 Ci-

1287 5163 1434 5250 tiensis,
1458 5161 1647 5238 Iohannis
1669 5165 1778 5256 Voit,
1803 5173 1976 5256 arbitmr,
2001 5187 2189 5267 utrumque
2206 5165 2260 5240 tibi

1288 5283 1412 5338 notum
1436 5293 1519 5340 esse.
1576 5269 1771 5342 Bornensis
1800 5275 1905 5344 etiam
1929 5276 2023 5348 valet
2051 5277 2206 5366 ingenio,
2232 5279 2259 5338 tl

1288 5369 1487 5442 eruditione
1502 5373 1677 5466 praeclare
1695 5375 1887 5467 instructus
1908 5391 1970 5451 est.
2022 5375 2210 5450 Mittuntur
2223 5371 2259 5440 ad
