4704 5804
189 211 265 288 333
513 285 521 292 ,
764 167 1212 292 ’33133313333
1262 156 1459 295 311113.
1510 216 1647 296 1333.
1813 331 1817 334 -
2083 219 2225 296 -333

193 383 291 456 Η333
313 386 423 478 igitur
436 382 613 460 Ecclesiae
637 386 751 478 imago
773 387 964 479 diligenter
985 383 1183 458 111333331-
1213 388 1339 474 siam:
1366 390 1509 462 interim
1525 415 1629 472 vero,
1655 390 1721 464 etsi
1737 391 1939 482 ingentibus
1961 392 2141 464 aerumnis
2162 415 2224 464 ex-

194 489 351 560 deranda
369 505 437 576 est,
463 515 503 561 ac
518 490 703 582 praecipue
716 512 775 560 3311
789 490 860 562 1331
882 492 921 560 13
946 485 1002 562 his
1024 485 1184 562 historiis
1233 505 1416 580 errentur,
1442 507 1562 564 tamen
1577 494 1750 564 divinitus
1765 507 1800 566 31
1816 496 1959 566 delendi
1973 519 2009 566 se
2026 511 2061 568 et
2075 495 2224 566 liberari

193 612 331 684 semper
346 592 557 664 observandi
574 606 668 667 sunt.
996 641 1001 648 ·
1234 594 1474 714 experiuntur.
1524 593 1657 666 Haeret
1679 593 1805 682 Iacob,
1830 621 1910 668 cum
1931 598 1999 668 iter
2020 621 2085 690 per
2102 595 2224 668 1331313

1233 695 1371 766 13113131
1391 699 1491 768 sedes
1512 721 1583 767 una
1606 721 1687 768 cum
1713 649 1848 768 familia
1868 700 2024 772 facturus
2038 713 2100 774 331.
2149 698 2225 770 Nec

1233 821 1289 866 res
1308 792 1466 870 humano
1491 799 1640 870 consilio
1665 800 1829 871 extricari
1850 823 1952 892 posse
1974 803 2135 886 videtur,
2160 801 2225 872 sed

298 889 449 966 Primus
476 910 525 968 est
549 898 713 969 doctrina
735 897 900 984 Patrum,
924 912 965 970 31
985 894 1184 991 Prophetae
1232 913 1341 971 noctu
1359 902 1511 972 luctatus
1532 925 1613 972 33111
1629 899 1786 972 Domrno
1800 903 2032 973 confirmatur
2048 915 2084 972 et
2098 904 2226 973 desen

175 993 1184 1090 ι31Α333131133311131331111333131131133333331,(]1131-
1233 1001 1341 1072 ditur.
1399 1001 1503 1072 Talia
1527 1004 1638 1073 multa
1662 1017 1746 1074 3331
1769 999 2090 1095 exemplarnhoc
2111 1027 2224 1096 parvo

194 1102 239 1172 sti
261 1101 430 1172 beneficia
451 1101 654 1174 didicerunt
672 1100 794 1174 Patres
813 1115 846 1173 et
860 1099 1076 1194 Prophetae
1101 1129 1182 1174 curn
1233 1103 1383 1194 scripto,
1416 1127 1506 1197 quae
1524 1105 1671 1190 docent,
1695 1107 1814 1176 adesse
1827 1103 1944 1176 Deum
1959 1101 2157 1190 Ecclesiae,
2181 1128 2226 1174 ac

195 1229 236 1274 ex
260 1203 493 1294 promissione
519 1205 601 1274 data
617 1198 801 1290 Abrahae,
833 1218 909 1275 tum
930 1228 1013 1274 3333
1036 1229 1077 1272 313
1098 1206 1183 1273 3311-
1232 1205 1357 1276 rubent
1372 1229 1437 1274 nos
1450 1218 1569 1296 petere
1592 1220 1627 1276 et
1641 1229 1780 1297 sperare
1802 1206 1974 1277 auxrlrum
1989 1221 2023 1278 et
2045 1205 2225 1276 defensio·-

194 1329 291 1400 qurs
289 1302 457 1376 1113133133
473 1307 642 1395 partibus.
691 1259 824 1376 Paulis
840 1330 946 1400 quam
971 1307 1105 1376 erudite
1121 1331 1183 1376 er·
1231 1330 1325 1381 nem.
1384 1305 1469 1376 ldeo
1493 1307 1588 1374 enim
1613 1303 1698 1377 haec
1721 1308 1850 1398 scripta
1872 1321 1907 1378 et
1926 1309 2075 1400 posterrs
2089 1332 2224 1400 propo-

192 1408 283 1480 truit
297 1408 486 1478 articulum
511 1408 583 1477 de'
573 1407 711 1481 iusticia
731 1409 814 1478 fidei
835 1431 876 1476 ex
897 1409 991 1478 dicto
1016 1405 1181 1478 Genesis:
1231 1408 1296 1478 sita
1317 1421 1418 1493 sunt,
1449 1420 1492 1478 31
1519 1397 1576 1476 his
1600 1409 1799 1478 confirmati
1828 1411 1997 1502 exemplis
2019 1409 2226 1496 sentiamus,

192 1511 345 1582 redrdrt
358 1503 541 1580 Abraham
556 1507 645 1593 Deo,
671 1522 707 1579 et
721 1509 933 1602 rmputatum
950 1523 1001 1580 est
1015 1534 1048 1578 31
1037 1509 1135 1578 ''ad
1125 1536 1181 1579 111-
1232 1524 1266 1580 31
1282 1509 1426 1580 331113
1399 1533 1448 1579 313
1463 1510 1553 1580 33113
1569 1507 1683 1579 Deum
1702 1510 1881 1600 opitulari.

124 1627 133 1639 '
192 1611 354 1686 stiriam?
392 1599 507 1680 David
526 1612 653 1682 tribuit
677 1606 820 1682 Christo
835 1611 1071 1682 sacerdotium
1087 1609 1181 1681 Mel·
1332 1603 1501 1706 Quartus
1526 1613 1625 1684 locus
1648 1623 1700 1681 est
1721 1611 1950 1683 successionis
1973 1611 2223 1687 consideratio.

193 1707 397 1797 chisedech,
424 1713 627 1784 discernens
643 1713 805 1784 videlicet
820 1737 951 1782 munus
968 1713 1181 1782 benedicen-
1230 1710 1492 1802 Magnifaciunt
1513 1709 1670 1784 humana
1684 1715 1817 1784 iudicia
1842 1714 2096 1784 successionem
2122 1713 2224 1784 ordi-

192 1818 242 1898 di,
268 1829 308 1887 31
323 1815 384 1884 1113
399 1814 612 1884 dulcissimis
627 1815 746 1884 verbis
763 1809 1110 1906 promittitAbrahae
1127 1816 1181 1884 la·
1231 1815 1387 1900 uariam,
1423 1829 1608 1905 parentum
1650 1828 1685 1885 et
1724 1815 2074 1894 locorum'decora.
2116 1811 2223 1900 Cain,

191 1941 314 1988 vorem
329 1909 547 1986 etauxiliurn
561 1915 682 2001 Dei,a
697 1917 892 1986 sacerdotio
908 1916 1077 1990 Levitico.
1110 1915 1180 1986 Hic
1231 1914 1376 1997 lsmael,
1408 1915 1505 1988 Esau
1528 1915 1597 2002 sibi
1621 1939 1771 2007 regnum
1793 1917 1831 1984 in
1848 1913 2003 1987 Ecclesia
2018 1917 2223 2004 vendicant,

104 2025 113 2036 ”
189 2021 289 2090 locus
304 2017 506 2088 uberrimus
520 2031 589 2103 cst,
613 2031 654 2088 31
671 2042 772 2110 saepe
787 2033 908 2091 monet
924 2015 982 2089 hic
998 2041 1181 2089 commen·
1230 2019 1327 2112 quod
1349 2032 1460 2090 aetate
1481 2019 1733 2110 praecesserint
1755 2017 1890 2096 1331333.
1942 2015 2135 2112 Babylonii
2159 2043 2224 2088 ve-

190 2121 317 2205 133133,
343 2134 377 2190 31
401 2119 480 2212 pius
501 2121 613 2191 lector
635 2120 738 2214 facile
761 2120 1019 2192 animadvertet
1042 2121 1080 2188 in
1104 2120 1180 2210 ipsa
1229 2121 1341 2190 riores
1372 2143 1408 2189 sc
1446 2123 1489 2190 de
1512 2118 1597 2190 Deo.
1618 2121 1804 2211 opiniones
1835 2134 1956 2190 tenere
1986 2122 2222 2206 contendunt,

189 2221 355 2308 historia,
374 2222 438 2316 qui
460 2222 630 2313 intelligit
651 2223 755 2312 longe
779 2222 850 2292 alio
871 2222 1019 2294 consilio
1037 2217 1101 2292 has
1121 2217 1181 2292 hi·
1229 2223 1325 2316 quod
1348 2245 1388 2292 ea
1411 2222 1457 2292 sit
1479 2223 1653 2292 vetustior
1667 2221 1813 2292 Patrum
1829 2215 1946 2308 333133,
1972 2223 2070 2317 quod
2090 2223 2136 2292 311
2157 2246 2222 2292 arx

188 2324 315 2398 storias
343 2325 509 2414 legendas
535 2347 608 2394 3333
638 2347 745 2416 quam
775 2318 943 2396 ethnicas.
1004 2319 1180 2394 Ethnicae
1227 2323 1389 2415 imperii,
1416 2337 1455 2394 31
1475 2347 1572 2394 nunc
1585 2321 1754 2417 Episcopi
1771 2337 1805 2394 et
1818 2321 1977 2415 Collegia
1999 2337 2145 2416 propter
2159 2347 2222 2394 or-

187 2451 329 2498 morum
345 2425 511 2505 civilium
521 2427 678 2518 exempla
692 2440 910 2518 proponunt,
935 2439 969 2496 31
983 2427 1178 2497 3313331331
1227 2426 1403 2498 3113331313
1416 2427 1690 2521 successionem,
1715 2426 1784 2496 sibi
1799 2421 1868 2510 hoc
1889 2427 2014 2517 ingens
2030 2428 2135 2498 decus
2157 2449 2222 2496 su·

188 2523 422 2602 bonestorum
446 2528 678 2600 consiliorum
703 2528 901 2622 plerunque
930 2529 1044 2600 3131133
1066 2527 1179 2622 placi·
1226 2541 1349 2614 munt,
1374 2529 1604 2621 quoderrare
1625 2528 1873 2619 nonpossint,
1898 2530 1995 2621 quod
2012 2529 2084 2598 sint
2101 2528 2222 2598 domi-

188 2634 253 2704 dos
270 2653 364 2717 esse,
380 2631 511 2701 atrocia
528 2655 614 2701 3333
629 2631 759 2702 3331333
779 2631 942 2702 3311111331
956 2630 1104 2720 tragicas
1115 2653 1178 2699 ca·
1227 2629 1308 2701 cilia
1325 2644 1359 2702 et
1376 2629 1562 2701 columnae
1577 2630 1747 2705 veritatis.
1796 2628 1894 2702 Haec
1918 2630 2051 2701 iudicia
2072 2629 2222 2700 refutari

569 753 692 832 Loci
711 785 805 834 333.

54 2727 61 2736 ’
187 2735 382 2818 lamitates,
407 2755 473 2802 nec
495 2733 608 2804 multo
630 2733 733 2825 plura
754 2734 884 2803 docent
905 2733 945 2802 in
966 2755 1103 2802 summa
1119 2726 1178 2802 hi·
1226 2731 1266 2802 in
1280 2730 1414 2804 Genesi
1430 2744 1604 2804 monstrat
1618 2729 1751 2802 Paulus
1772 2733 1884 2824 capite
1907 2755 2005 2802 nono
2022 2733 2066 2801 ad
2080 2729 2219 2810 Roma-

188 2836 317 2908 3133133
331 2828 503 2906 ethnicae.
545 2828 596 2906 Α1
618 2828 683 2906 hae
696 2829 927 2926 Propheticae
946 2857 1001 2904 res
1016 2833 1178 2920 maiores,
1226 2858 1306 2921 nos,
1321 2835 1386 2904 ubi
1403 2835 1553 2920 disserit,
1574 2832 1769 2904 Ecclesiam
1788 2834 1975 2926 propagari
1990 2857 2065 2903 non
2079 2833 2220 2923 generis

186 2937 384 3009 doctrinam
397 2933 466 3006 Dei
480 2947 514 3006 et
529 2935 728 3007 testimonia
745 2937 868 3006 divina
882 2938 926 3006 313
942 2937 1049 3008 rebus
1064 2949 1177 3007 aeter-
1226 2950 1287 3008 aut
1311 2937 1381 3005 loci
1396 2936 1666 3026 praerogativis,
1688 2938 1748 3004 sed
1765 2937 1948 3008 vocatione
1965 2949 1999 3006 31
2016 2937 2125 3006 verbo
2138 2932 2220 3006 Dei.

186 3041 243 3110 nis
259 3053 293 3110 31
308 3035 487 3108 Ecclesiae
502 3039 794 3128 gubernationem
809 3039 1004 3112 continent.
1225 3037 1378 3110 Familia
1387 3035 1492 3108 Iacob
1504 3052 1556 3108 est
1563 3033 1731 3122 Ecclesia,
1739 3038 1802 3130 qui
1810 3039 1907 3107 verbi
1917 3039 2075 3108 coelestis
2084 3037 2219 3108 doctri·

287 3134 455 3210 Secundo
484 3140 593 3230 igitur
623 3141 702 3210 1333
733 3140 902 3211 311333313
934 3141 1177 3227 observentur,
1225 3165 1308 3210 nam
1326 3131 1483 3210 3311331.-
1513 3137 1611 3210 Ε333
1636 3164 1711 3210 333
1731 3139 1871 3211 retinet.
1920 3137 2085 3230 Collapsa
2110 3138 2219 3208 etiarn

185 3267 261 3314 non
283 3256 325 3312 ut
345 3237 539 3312 humanam
563 3243 801 3312 curiositatem
827 3242 995 3314 novitatis
1022 3243 1176 3314 admira·
1225 3239 1427 3314 Ecclesia
1415 3266 1455 3310 rn
1484 3237 1689 3312 Palaestina
1725 3241 1944 3312 instauratur
1974 3243 2123 3312 excitato
2150 3242 2219 3310 do-

186 3346 284 3417 11333
308 3344 461 3428 3131333,
486 3344 545 3412 3311
570 3343 1061 3429 3113311313313133331333,
1086 3369 1176 3438 quae
1226 3357 1322 3414 31333
1336 3339 1536 3428 Abraham,
1561 3356 1596 3414 et
1610 3354 1775 3412 renovata
1776 3343 2027 3436 promissione
2050 3367 2090 3412 ac
2112 3343 2219 3412 addi-

185 3447 394 3526 ostendunt,
420 3397 516 3538 qirod
533 3445 715 3515 3133131333
729 3468 858 3534 genus
884 3457 919 3515 et
941 3469 1030 3538 quos
1050 3399 1177 3516 docto-
1226 3445 1271 3516 tis
1298 3444 1525 3516 testimoniis:
1563 3469 1654 3538 quae
1679 3439 1827 3522 historia
1855 3457 2003 3515 testatur
2022 3442 2218 3515 Ecclesiam
2310 3522 2313 3526 ,

185 3546 352 3620 resDeus
368 3545 627 3638 approbaverit.
678 3543 773 3617 Mira
799 3548 861 3616 illa
884 3559 918 3616 et
940 3547 1107 3617 inusitate
1123 3548 1177 3616 13-
1225 3545 1301 3618 Deo
1317 3571 1421 3618 curae
1435 3569 1525 3627 esse,
1551 3559 1586 3616 31
1600 3547 1751 3618 subinde
1769 3545 1850 3616 ab
1839 3569 1916 3638 rpso
1940 3546 2150 3632 instaurari,
2175 3559 2218 3618 31

186 3663 240 3722 313
256 3674 360 3741 supra
376 3663 539 3719 naturam
554 3661 638 3718 sunt
652 3643 856 3747 σφραγῖδες
869 3649 1061 3722 1133131333.
1093 3647 1176 3719 Non
1225 3647 1390 3720 Paulus
1378 3649 1513 3742 rnquit:
1541 3649 1639 3720 dedit
1654 3647 1749 3719 dona
1767 3643 1973 3718 hominibus
1982 3643 2218 3740 ,Prophetas,

186 3775 280 3823 33113
296 3763 478 3842 putemus,
502 3747 618 3820 Deum
632 3750 756 3820 ludere
770 3751 941 3832 volmsse,
969 3775 1049 3820 cum
1074 3775 1177 3870 prae·
1225 3747 1434 3844 Apostolos,
1458 3749 1632 3821 Pastores.
1688 3747 1806 3820 Non
1796 3749 1904 3839 rgitur
1928 3751 2042 3821 1113113
2059 3749 2219 3841 dignita-

186 3853 274 3924 dixit
300 3853 496 3938 311111313111,
532 3877 612 3922 cum
639 3852 678 3922 in
700 3853 836 3923 diluvio
861 3853 1014 3924 servavit
1034 3854 1176 3922 unicam
1225 3869 1322 3938 tum,
1346 3854 1446 3939 loco,
1478 3853 1695 3922 successione
1714 3852 1896 3922 ordinaria
1916 3875 2141 3938 moveamur,
2173 3863 2216 3922 31

127 3991 135 4000 ·
184 3956 354 4026 1313111313
379 3947 512 4025 Nobae.
563 3951 639 4024 Hae
661 3968 777 4025 133133
798 3979 852 4024 333
875 3969 910 4026 31
932 3955 1177 4048 providentiae
1225 3952 1421 4026 Ecclesiam
1452 3978 1526 4024 esse
1553 3979 1634 4025 eum
1670 3967 1808 4024 coetum
1846 3953 2104 4040 existimemus,
2145 3953 2211 4047 qui

5 4063 9 4076 '
108 4141 112 4146 ¹
185 4071 221 4128 et
240 4058 421 4128 doctrinae
445 4057 647 4130 testimonia
667 4071 787 4144 erant,
813 4081 919 4151 quarn
949 4081 1056 4126 senex
1073 4053 1176 4128 Noha
1225 4053 1421 4148 Evangelio
1448 4057 1669 4139 adversatur,
1695 4069 1730 4126 et
1751 4049 1917 4126 honestos
1939 4051 2102 4126 homines
2127 4079 2216 4146 pro-

184 4159 425 4251 profitebatur.
1225 4171 1305 4249 pter
1320 4157 1631 4231 contessionem'
1595 4180 1674 4250 prae
1691 4157 1873 4229 doctrinae
1893 4157 2078 4244 interficit,
2103 4171 2145 4228 31
2159 4158 2215 4228 13·

286 4254 324 4329 T
324 4256 415 4329 ertio
429 4256 524 4344 loco,
550 4260 758 4349 gubernatio
777 4272 811 4330 31
825 4259 981 4330 defensio
997 4254 1176 4330 Ecclesiae
1226 4260 1340 4332 ciebat
1354 4257 1457 4330 Cain.

186 4375 383 4454 spectetur,
406 4384 496 4452 quae
511 4361 648 4432 etiarnsi
663 4362 805 4432 videtur
820 4361 951 4451 negligi
966 4385 984 4430 a
1001 4358 1096 4446 Deo,
1122 4375 1176 4431 ta·
1326 4354 1490 4458 Quintus
1503 4353 1602 4432 13333
1616 4373 1668 4431 331
1682 4359 1793 4441 31133,
1819 4361 1959 4429 moru'm
1982 4373 2016 4430 et
2031 4357 2214 4428 actionum

1 4433 3 4438 >
57 4513 62 4518 -
185 4487 269 4534 men
292 4463 444 4532 illustria
456 4459 767 4580 ‘praesentiacDei
792 4487 832 4534 33
856 4462 1099 4556 providentiae
1121 4475 1175 4532 te·
1224 4463 1471 4534 consideratio.
1524 4459 1641 4534 Antea
1665 4463 1709 4530 de
1734 4461 1894 4532 doctrina
1916 4475 1950 4532 et
1973 4462 2018 4530 de
2034 4457 2214 4530 Ecclesiae

185 4564 351 4638 stimonia
370 4563 540 4639 continet.
591 4555 984 4683 Augustuslmperator
1005 4565 1095 4654 regit
1114 4589 1175 4634 or·
1223 4567 1480 4654 gubernatrone
1496 4565 1649 4635 3111111333
1657 4587 1786 4656 ,quam
1804 4581 1866 4655 qru
1882 4574 2131 4646 contemnunt
2148 4557 2218 4630 1133

181 4671 266 4746 11331
286 4682 460 4739 terrarum
485 4667 577 4738 datis
601 4666 706 4737 certis
728 4667 886 4756 legibus,
910 4661 1020 4742 habet
1041 4667 1175 4736 3133331-
1222 4668 1334 4738 libros
1353 4691 1427 4738 non
1445 4667 1712 4757 magnifaciunt.
1762 4663 1949 4754 Quaerunt
1970 4665 2066 4733 33113
2090 4663 2130 4732 131
2156 4656 2215 4730 111

185 4787 260 4857 133,
294 4769 425 4863 quibus
446 4767 711 4858 provinciarum
733 4791 853 4838 curam
867 4768 1034 4852 mandat,
1065 4763 1173 4840 habet
1223 4771 1341 4840 3133113
1356 4769 1472 4845 333133
1487 4779 1604 4838 133133
1623 4765 1816 4836 Civitatum
1834 4779 1868 4836 et
1882 4763 2110 4856 Regnorum
2132 4759 2215 4834 Du·

184 4875 289 4945 311331
311 4893 417 4962 opes,
456 4870 552 4940 unde
581 4871 676 4941 alere
697 4869 871 4961 praesidia
895 4881 1020 4961 potest.
1076 4867 1175 4940 Haec
1223 4895 1303 4942 cum
1324 4871 1501 4962 exempla,
1533 4881 1680 4939 eventus
1702 4868 1812 4942 miros
1834 4867 2020 4938 bellorum.
2079 4862 2130 4938 At
2150 4860 2215 4936 hic

183 4975 327 5068 politica
349 4971 558 5062 gubernatio
579 4967 745 5042 humanis
774 4973 927 5061 legibus,
960 4970 1117 5040 consiliis
1139 4986 1174 5042 31
1221 4974 1343 5062 legunt
1355 4971 1541 5044 Pastorum
1560 4971 1755 5065 colloquia,
1781 4993 1871 5062 pene
1894 4982 1933 5040 ut
1946 4967 2133 5054 Bucolica,
2158 4967 2214 5037 le-

183 5075 320 5146 viribus
336 5073 474 5144 munita
490 5086 552 5146 est.
587 5070 711 5164 Longe
726 5074 922 5144 dissimilis
931 5084 983 5142 331
994 5069 1174 5144 Ecclesiae
1220 5087 1309 5164 gunt
1323 5076 1501 5146 connubra
1519 5087 1555 5145 et
1570 5097 1662 5144 311333
1676 5073 1877 5143 3331133313
1929 5065 2020 5143 Sed
2014 5085 2135 5142 errant
2148 5093 2211 5142 su

183 5175 404 5268 gubernatio.
462 5159 664 5260 Abraham,
689 5174 805 5260 13333,
830 5172 956 5260 Iacob,
979 5187 1020 5244 31
1042 5177 1174 5266 privati
1219 5177 1420 5267 perbissimi
1450 5173 1631 5255 homines,
1676 5198 1742 5246 nec
1775 5170 1981 5262 intelligunt
2012 5167 2208 5243 Ecclesiam

183 5301 224 5350 ae
239 5273 396 5369 hospites
416 5289 606 5365 vagentur,
629 5279 706 5348 sine
729 5276 831 5359 certis
853 5269 1019 5344 humanis
1039 5280 1174 5368 praesi-
1220 5275 1279 5350 hic
1305 5279 1467 5370 depingi,
1502 5301 1592 5372 qnae
1615 5277 1682 5347 3131
1705 5289 1755 5346 331
1786 5267 1934 5344 humilis
1963 5297 2004 5344 ac
2025 5275 2209 5344 dissimilis

185 5379 273 5460 diis,
299 5403 339 5448 ac
353 5399 439 5447 3333
448 5373 517 5448 Der
531 5391 565 5450 et
579 5376 717 5470 Spiritu
731 5390 851 5450 sancto
867 5373 1172 5466 colliguntEccle-
1220 5378 1401 5474 Imperiis,
1427 5393 1563 5468 tamen,
1585 5377 1669 5474 quia
1684 5376 1725 5447 13
1745 5377 1820 5448 3113
1839 5374 1939 5446 civili
1960 5375 2067 5466 tegit,
2091 5399 2211 5448 versa-
