4654 5804
213 212 291 294 ees
801 205 1235 288 urtsronaauu
1286 207 1393 290 mn.
1425 208 1491 320 uc
1545 209 1677 294 raes.
2188 223 2254 298 ou

222 382 444 464 dioecesibus
465 379 682 455 Consistoria
704 383 937 469 constituere,
970 409 1061 480 quae
1084 407 1216 476 coguo-
1266 383 1371 454 etiam
1388 381 1451 454 alii
1465 379 1607 456 honesti
1629 400 1664 460 et
1679 389 1775 462 docti
1791 391 1861 462 viri
1878 391 1997 466 Deum
2013 397 2194 483 timentes,
2217 422 2253 468 ac

154 491 157 495 ’
222 503 322 566 scant
343 501 379 559 ct
406 485 605 558 diiudicent
637 486 895 556 controversias
924 487 1215 568 matrimoniales,
1265 485 1391 556 idonei
1406 488 1450 556 ad
1465 487 1719 578 iudicandum,
1743 507 1913 589 tanquam
1928 491 2076 568 honesta
2100 501 2253 570 membra

220 589 437 670 Christianis
459 587 643 659 sententiis
662 586 758 658 iuxta
774 589 925 659 verbum
941 587 1027 676 Dei,
1052 588 1217 680 Evange-
1265 584 1444 658 Ecclesiae
1460 589 1566 661 etiam
1583 615 1625 662 ex
1637 593 1747 670 laicis.
1805 595 1897 668 Cum
1913 599 2009 670 enim
2023 582 2188 672 Christus
2202 603 2253 671 iu-

144 780 152 792 l
223 699 333 780 lium,
370 705 405 762 et
432 691 512 760 illas
533 685 700 760 honestas
732 691 842 779 leges,
868 717 957 785 quae
988 693 1027 762 in
1059 689 1216 762 Ecclesia
1266 690 1362 784 quitt
1400 686 1478 761 Dic
1494 687 1702 782 Ecclesiae,
1732 711 1767 769 et
1795 692 1854 769 his
1875 701 1994 772 verbis
2021 705 2186 790 mandat,
2219 719 2255 776 ut

221 794 358 874 Christi
380 817 400 864 a
423 793 492 884 piis
516 805 552 862 et
565 793 802 884 prudentibus
819 787 1032 864 Christianis
1047 795 1133 865 inde
1157 817 1218 866 us·
1266 816 1445 864 summum
1460 793 1634 866 iudicium
1649 799 1695 870 sit
1711 799 2019 892 pcnesEcclcsiam
2027 857 2040 892 ,
2066 809 2171 878 docet
2186 831 2255 876 non

221 926 292 998 que
301 900 345 969 ab
353 894 534 988 Apostolis
549 908 717 988 tanquam
732 890 901 968 honestae
914 894 1032 969 etDeo
1040 898 1218 990 placentes
1265 909 1405 966 tantum
1426 920 1534 968 unam
1556 912 1692 990 partem
1706 899 1884 974 Ecclesiae
1903 907 2035 978 scilicet
2051 906 2256 1002 Episcopus,

221 1003 397 1076 iudicatae
418 1013 519 1084 sunt,
542 1020 588 1067 ne
602 993 777 1068 Ethnicac
799 1015 833 1072 et
850 997 1022 1070 Turcicae
1037 999 1219 1070 confusio·
1265 999 1326 1066 sed
1356 997 1463 1068 etiam
1492 1022 1533 1068 ex
1563 1001 1710 1096 reliquis
1730 1005 1899 1094 gradibus
1923 1009 2048 1100 populi
2075 1011 2255 1103 eligendos

221 1130 286 1178 nes
310 1101 503 1172 libidinum
526 1100 688 1173 existant.
740 1097 829 1172 ltem
849 1116 1007 1193 pastores
1028 1102 1218 1172 cuiuslibet
1266 1122 1339 1168 esse
1361 1100 1495 1170 iudices
1518 1102 1687 1190 idoneos,
1712 1108 1775 1200 qui
1797 1107 1870 1180 sint
1888 1113 2046 1181 membra
2069 1109 2256 1198 Ecclesiae,

220 1209 292 1281 loci
307 1205 479 1276 mandent
495 1201 566 1273 reis
583 1201 797 1292 criminum,
824 1217 865 1273 ut
881 1227 917 1272 se
933 1205 1133 1279 emendent.
1177 1203 1218 1276 si
1266 1197 1430 1272 homines
1444 1197 1602 1292 honesti,
1626 1209 1741 1294 docti,
1756 1207 1881 1280 Deum
1896 1212 2069 1286 timentes.
2118 1213 2169 1285 Et
2183 1218 2256 1287 vult

221 1335 298 1383 non
312 1309 353 1378 lit
367 1305 585 1389 emendatio,
601 1304 771 1381 ¹indicent
785 1329 844 1376 eos
858 1303 1096 1391 Consistorio‚
1120 1308 1218 1401 quod
1267 1298 1332 1374 hos
1357 1330 1499 1398 quoque
1530 1301 1662 1378 habere
1686 1335 1788 1382 voces
1817 1313 2005 1401 decisivas,
2040 1316 2130 1386 sicut
2153 1313 2255 1388 hodic

222 1415 305 1486 citet
316 1431 414 1494 reos,
440 1421 475 1478 et
491 1408 613 1477 audito
630 1409 772 1497 negotio
788 1409 914 1499 puniat
929 1403 1133 1494 sontes,'ac
1151 1433 1218 1480 no·
1267 1421 1360 1477 extat
1373 1408 1466 1477 liber
1480 1423 1640 1480 actorum
1657 1413 1801 1484 concilii
1818 1409 1985 1507 Ephesii,
2010 1418 2135 1511 inquo
2152 1443 2255 1512 appa·

220 1513 386 1588 minutim
419 1505 485 1579 hae
510 1532 651 1579 caussae
681 1511 726 1578 ad
758 1505 826 1580 hoc
852 1512 971 1582 forum
1000 1512 1216 1596 deferantur,

221 1639 309 1714 quas
323 1615 472 1707 prolana
485 1623 638 1703 potestas
652 1611 808 1701 negligit.

323 1711 370 1786 Si
383 1715 467 1813 puls
474 1708 627 1813 salsum
643 1705 779 1806 dogma
794 1713 953 1811 spargit.

322 1813 473 1915 Siquis
500 1811 755 1886 contumeliose
785 1814 950 1915 loquitur
971 1812 1015 1888 de
1038 1815 1215 1913 religione

220 1913 464 2004 Christiana,
490 1925 556 1988 aut
573 1913 615 1986 de
632 1913 899 1990 Sacramentis.

323 2017 370 2092 Si
416 2020 474 2092 uis
497 2028 572 2090 toto
603 2043 705 2090 anno
732 2045 793 2091 nec
821 2019 1090 2094 absolutionem
1111 2020 1215 2120 petit,

184 2175 196 2189 ,
220 2151 283 2201 nec
298 2045 435 2197 accedit
450 2118 505 2194 ad
519 2145 667 2194 coenam
681 2119 853 2194 Domini.

324 2222 475 2327 Siquis
499 2223 719 2297 contumelia
743 2221 865 2326 afficit
887 2233 1072 2325 pastorem
1087 2223 1218 2298 Eccle-

220 2331 311 2415 siae,
338 2339 404 2400 aut
421 2326 521 2399 alios
535 2325 743 2423 Evangelii
760 2327 963 2406 ministros.

323 2429 475 2531 Siquis
495 2425 603 2529 apud
620 2453 658 2502 se
677 2428 810 2528 palam
825 2441 984 2503 scortum
1007 2441 1074 2504 aut
1090 2455 1219 2504 conca-

220 2537 349 2610 binam
367 2531 452 2605 alit.

304 2723 306 2728 ¹
328 2632 438 2710 Side
461 2633 649 2710 adulterio
670 2633 847 2708 adversus
870 2631 1033 2736 aliquem
1056 2645 1122 2707 aut
1142 2632 1219 2708 ali-

221 2739 460 2914 quamAJama
479 2737 692 2811 verisimilis
702 2738 841 2836 fertur.

356 2840 468 2942 ipuis
483 2853 674 2942 quaestum
682 2841 786 2942 jacit
803 2839 936 2913 usuris.
965 2850 971 2862 '

324 2941 374 3016 Si
391 2944 532 3017 iuvenes
553 2955 779 3016 contumaces
802 2953 929 3015 contra
956 2954 1126 3041 parentes
1141 2951 1217 3013 ‘aut

222 3046 342 3132 alios,
368 3047 502 3147 quibus
519 3045 765 3119 commendati
780 3055 885 3132 sunt,
912 3041 1049 3118 dedunt
1073 3071 1110 3118 se
1137 3041 1218 3116 leel-

223 3149 455 3226 luationibus
471 3161 502 3222 et
521 3146 734 3222 inhonestos
749 3145 858 3221 ludos
876 3159 1049 3225 exercent.

225 3255 229 3262 “
324 3253 421 3325 Haec
438 3251 658 3325 Consistoria
682 3249 815 3324 habent
829 3265 1037 3345 potestatem
1051 3253 1217 3323 ferendae

223 3357 420 3430 sententiae
434 3355 819 3428 excommunicationis.
845 3351 893 3425 Et
908 3357 1083 3426 sententia
1097 3355 1217 3425 mitta-

222 3476 283 3558 tur
297 3462 340 3531 ad
356 3453 552 3530 Ecclesiam
569 3459 644 3529 eius
662 3458 747 3542 loci,
763 3458 826 3528 ubi
843 3457 1137 3528 excommunicati
1151 3459 1217 3526 do-

223 3563 397 3634 micilium
412 3575 482 3648 est,
508 3575 542 3632 et
563 3561 615 3632 ibi
630 3575 691 3632 aut
704 3549 872 3631 recitetur
887 3560 1061 3632 sententia
1075 3561 1113 3628 in
1129 3582 1215 3628 con·

223 3667 345 3747 cione,
360 3677 422 3735 aut
438 3665 566 3756 scripta
581 3657 743 3754 affigatur
757 3664 802 3732 ad
820 3655 943 3754 templi
957 3664 1118 3734 ianuam:
1146 3659 1217 3732 Po-

222 3769 329 3860 pulus
351 3791 434 3836 vero
457 3767 553 3837 iuxta
576 3767 734 3856 regulam
756 3764 860 3835 Pauli
881 3768 1069 3852 doceatur,
1093 3789 1138 3834 ne
1153 3766 1218 3834 ad-

221 3867 344 3942 hibeat
373 3869 692 3940 excommunicatos
708 3863 757 3964 ⁴³)
786 3869 832 3936 ad
861 3868 1061 3939 societatem
1083 3867 1234 3938 officio-v

221 3997 303 4044 rum
319 3970 659 4044 Ecclesiasticorum.
710 3967 776 4040 Est
797 3983 914 4040 autem
939 3984 1136 4041 contemtor
1158 3993 1218 4038 cx-

223 4075 555 4145 communicationis
571 4097 635 4164 pro
650 4074 734 4142 facti
750 4073 944 4156 atrocitate,
960 4087 995 4143 et
1012 4097 1032 4142 a
1047 4084 1217 4164 potestate

95 4263 99 4268 Ι
222 4175 381 4267 gladium
400 4190 541 4265 gerente
557 4177 783 4247 coercendus.
834 4171 925 4242 Nam
948 4187 1102 4265 potestas
1124 4173 1217 4265 poli-

222 4277 292 4349 tica
308 4273 503 4347 Ecclesiam
519 4276 558 4344 in
579 4277 711 4345 tuenda
725 4277 785 4368 pia
807 4274 995 4362 disciplina
1011 4275 1132 4345 iuvare
1155 4276 1218 4343 dc-

224 4381 302 4464 bet,
327 4371 564 4450 ustiones.
588 4378 850 4468 scriptumest:
883 4368 1052 4446 Potestas
1072 4373 1122 4445 sit
1146 4384 1218 4444 ter-

225 4477 305 4550 rori
320 4503 388 4577 pro
408 4476 511 4549 malo
534 4475 636 4573 operi
655 4487 687 4546 et
709 4471 847 4547 honore
869 4472 1023 4571 adficiat
1045 4487 1132 4547 recte
1145 4477 1218 4577 sa-

225 4577 423 4678 cientes⁴⁶).
475 4579 523 4651 Et
535 4577 661 4651 Esaiae
677 4577 739 4654 48.
765 4573 887 4673 Reges
902 4588 1005 4650 erunt
1021 4579 1219 4650 nutritores

179 4677 181 4689 '
225 4681 428 4768 Ecclesiae,
461 4683 498 4750 id
517 4697 578 4764 est,
598 4682 755 4782 foveant
772 4689 803 4750 et
815 4691 1011 4776 protegant
1027 4681 1219 4753 ministros

225 4781 435 4881 Evangelii
455 4791 486 4854 et
508 4792 670 4878 augeant
694 4781 928 4852 reverentiam
947 4781 1155 4880 Evangelii
1179 4783 1219 4855 in

224 4885 374 4990 populo.

327 4992 397 5065 Sed
415 4990 600 5084 praecedat
620 4990 658 5058 in
683 4987 850 5059 omnibus
869 4988 998 5059 caussis
1013 5012 1095 5058 vera
1111 5002 1145 5060 et
1160 4989 1217 5080 pia

159 5125 161 5130 ·
226 5097 397 5188 cognitio,
425 5117 464 5163 ac
489 5091 559 5165 sint
583 5090 716 5162 iudices
739 5113 814 5161 non
831 5089 898 5159 soli
918 5091 1131 5176 sacerdotes,
1156 5093 1219 5162 scd

226 5247 443 5264 m.-

262 5333 308 5400 45)
326 5329 460 5384 odht'beat
474 5327 748 5392 excommunicatos]
765 5325 830 5380 Pcz.
848 5279 1020 5380 adhiheatur
1038 5323 1116 5378 tatu.

260 5417 306 5487 46)
324 5416 387 5470 Per.
406 5415 515 5469 terrori
525 5415 604 5468 neoto
615 5413 693 5482 operi
703 5421 732 5466 te
743 5413 849 5466 leonori
858 5412 938 5464 dono.

1266 1523 1321 1681 piet
1335 1510 1447 1629 ¹etiam
1470 1513 1694 1607 presbyteros
1717 1529 1752 1588 et
1773 1516 1949 1601 ducenos,
1972 1515 2138 1590 hahuisse
2158 1546 2256 1592 voces

1293 1635 1450 1687 ecrsrvas.

1640 1779 1703 1854 De
1729 1777 1891 1864 Scholia.

1366 1914 1753 2016 Manifestissimum⁴²)
1778 1935 1831 1994 est
1851 1926 2064 1996 necessarias
2087 1951 2161 1999 esse
2181 1929 2256 2000 lite-

1267 2041 1324 2087 ras
1341 2032 1376 2088 ct
1390 2015 1527 2090 scholas
1542 2022 1726 2092 literarum
1741 2025 1787 2093 ad
1803 2029 2106 2100 conservationem
2124 2047 2159 2103 et
2175 2057 2255 2124 pro-

1267 2121 1492 2212 pagationem
1513 2123 1695 2194 doctrinae
1717 2121 1907 2218 Evangelii
1915 2125 1965 2226 ⁴⁸)
1987 2129 2057 2214 †et
2081 2135 2126 2203 ad
2150 2148 2255 2206 totam

1268 2225 1572 2313 gubernationem.
1581 2223 1598 2248 ”
1665 2223 1759 2296 Nam
1795 2231 1958 2304 doctrina
1996 2229 2191 2306 christiana
2205 2232 2255 2332 ⁴⁹)

1268 2349 1344 2396 non
1357 2340 1408 2397 est
1420 2321 1653 2419 Philosophia
1668 2349 1730 2398 seu
1746 2332 1872 2402 notitia
1889 2333 2004 2405 indita
2019 2339 2254 2424 nascentibus,

1269 2428 1361 2498 sicut
1379 2442 1440 2499 aut
1461 2453 1692 2500 numerorum
1727 2432 1873 2520 notitia,
1907 2449 1967 2507 aut
1992 2437 2079 2527 legis
2101 2455 2256 2525 naturae,

1269 2531 1329 2600 sed
1357 2545 1409 2602 cst
1433 2532 1638 2601 mirandum
1668 2534 1849 2605 decretum
1870 2533 1940 2606 Dei
1971 2541 2106 2610 aeterni
2140 2543 2257 2635 patris,

1268 2633 1354 2716 filii,
1375 2646 1409 2704 et
1430 2633 1585 2726 Spiritus
1603 2635 1735 2720 sancti,
1753 2637 1797 2705 de
1818 2637 1893 2708 filio
1915 2642 2128 2728 mediatore,
2160 2658 2194 2715 et
2215 2647 2257 2716 de

1268 2735 1477 2806 remissione
1491 2749 1716 2829 peccatorum
1731 2762 1772 2807 ac
1794 2740 2018 2813 restitutione
2032 2745 2124 2816 vitae
2148 2761 2257 2818 aeter-

1269 2861 1351 2922 nae,
1377 2840 1473 2932 quod
1487 2841 1667 2910 decretum
1684 2863 1726 2908 cx
1741 2839 1823 2911 sinu
1848 2846 1982 2914 aeterni
2004 2848 2115 2938 patris
2139 2849 2256 2941 prola-

1268 2953 1344 3009 tum
1366 2940 1460 3010 filius
1482 2940 1657 3032 patefecit.
1710 2939 1823 3035 quue
1838 2942 1935 3016 Deus
1958 2949 2072 3018 voluit
2095 2954 2256 3022 mandari

1267 3042 1399 3126 literis,
1423 3066 1488 3134 per
1503 3036 1700 3134 Prophetas
1715 3057 1750 3114 ct
1764 3042 1954 3138 Apostolos
1970 3063 2005 3121 et
2026 3045 2155 3122 horum
2174 3055 2258 3124 scri-

1267 3157 1327 3236 pta
1340 3143 1409 3234 legi
1424 3169 1464 3215 ac
1482 3145 1601 3216 audiri
1622 3147 1815 3222 mandavit.
1867 3149 1988 3240 Quare
2010 3153 2149 3224 etiamsi
2171 3157 2257 3227 aliae

1267 3259 1388 3337 gentes
1407 3261 1443 3318 ct
1461 3248 1650 3338 religiones
1674 3271 1790 3318 carcre
1813 3251 1926 3323 literis
1951 3270 2114 3347 possent,
2139 3271 2254 3328 tamen

1267 3347 1426 3419 Ecclesia
1448 3347 1517 3418 Dei
1537 3373 1653 3422 carere
1673 3349 1806 3436 literis,
1832 3353 2034 3446 linguarum
2057 3361 2255 3450 cognitione

1268 3463 1303 3520 et
1323 3451 1524 3522 eruditione
1548 3467 1632 3548 non·
1652 3465 1778 3543 potest.
1834 3451 1888 3527 Ac
1919 3459 2022 3530 valde
2055 3485 2146 3554 opus
2172 3481 2256 3536 esset

1267 3553 1364 3644 pios,
1396 3555 1572 3641 eruditos,
1605 3555 1738 3648 peritos
1770 3569 1804 3626 et
1841 3561 2032 3650 prodentes
2063 3560 2255 3658 Episcopos

1268 3656 1442 3749 inspicere
1458 3651 1650 3727 scholas'et
1660 3656 1811 3727 maxime
1828 3655 1915 3732 haec
1931 3666 2050 3734 studia
2064 3689 2195 3758 regere.

1368 3749 1529 3829 Primum
1539 3755 1773 3848 Theologica:
1793 3758 1940 3834 Necesse
1950 3779 2002 3836 est
2015 3768 2254 3864 animaliquos

1269 3883 1395 3952 magna
1418 3863 1606 3934 autoritate
1630 3860 1807 3952 praeditos
1827 3888 2006 3956 praeesse,
2038 3871 2102 3962 qui
2123 3887 2254 3956 curent,

1267 3988 1313 4033 ne
1340 3964 1521 4034 doctrinae
1550 3961 1813 4036 Ecclesiasticus
1844 3969 1983 4059 puritas
2011 3989 2255 4066 corrumpatur

1268 4091 1288 4137 a
1308 4066 1551 4158 petulantibus
1574 4081 1608 4138 et
1627 4067 1746 4159 pravis
1768 4067 1931 4158 ingeniis.
1982 4069 2188 4146 Retinenda
2207 4092 2254 4146 est

1269 4183 1302 4238 et
1320 4169 1501 4238 doctrinae
1515 4170 1723 4254 concordia,
1750 4181 1794 4238 et,
1802 4172 2025 4244 voluntatum
2043 4179 2254 4262 coniunctio,

1269 4271 1352 4363 quia
1379 4293 1481 4364 saepe
1505 4294 1546 4338 ex
1570 4271 1719 4362 privatis
1742 4271 1835 4342 odiis
1863 4276 2031 4348 oriuntur
2054 4281 2252 4371 dogmatum

1269 4372 1425 4445 dissidia.
1483 4371 1565 4442 Sint
1595 4373 1700 4444 etiam
1728 4375 1856 4446 delecti
1882 4401 2045 4450 censores
2069 4384 2200 4454 eruditi
2225 4396 2254 4450 et

1268 4497 1409 4564 graves,
1435 4474 1498 4566 qui
1514 4473 1690 4562 iudicent,
1710 4501 1800 4571 quae
1816 4479 1946 4573 scripta
1957 4481 2063 4554 liccat
2076 4485 2156 4572 edi,
2173 4508 2254 4580 quae

1268 4599 1344 4645 non
1359 4575 1432 4645 sint
1449 4576 1595 4650 edenda.

1370 4675 1549 4747 secundo.
1597 4676 1798 4768 luventatis
1811 4683 1948 4772 studia,
1961 4710 2051 4781 quae
2067 4691 2114 4759 ad
2132 4713 2190 4760 cas
2202 4713 2251 4760 ar-

1269 4791 1321 4847 tes
1342 4790 1377 4847 et
1397 4777 1537 4868 linguas
1560 4782 1821 4854 assuefacienda
1839 4799 1909 4870 est,
1935 4813 2024 4882 quae
2048 4792 2251 4862 necessariae

1269 4891 1352 4948 sunt
1374 4880 1419 4948 ad
1441 4881 1712 4971 explicationem
1737 4887 1949 4980 scriptorum
1964 4888 2251 4984 propheticorum

1270 4993 1306 5050 et
1316 4977 1617 5072 Apostolicorum.

1303 5239 1353 5309 47)
1370 5239 1434 5294 Per.
1452 5243 1645 5312 ManrYestum·
1805 5279 1807 5286 v

1304 5323 1351 5391 48)
1367 5323 1536 5394 Evangelii]
1553 5325 1617 5381 Pca.
1636 5327 1856 5390 Ecclesiasticus.

1242 5407 1247 5464 t
1306 5407 1353 5470 49)
1372 5410 1542 5477 christiana]
1563 5408 1627 5464 Pae.
1647 5415 1844 5471 ecclesiactica.
