4754 5806
212 201 288 288 10⁷
786 193 1228 279 unrsronaauu
1277 195 1386 276 cra.
1417 195 1482 276 tx.
1536 145 1671 273 aare
2177 195 2255 279 sos

210 397 270 472 tus
289 380 361 456 iarn
382 376 553 474 proclidio
575 397 648 454 esse
669 371 830 451 debebat.
862 341 1077 548 'salutemq
1096 369 1206 446 dicito
1229 370 1235 468 l
1254 364 1307 470 μὴ
1323 365 1458 470 σαφές,
1491 391 1558 442 nec
1574 364 1668 443 nibil
1683 368 1836 462 periculi
1850 371 1941 457 adii,
1973 372 2060 444 dmn
2076 371 2252 466 qufflam

211 513 291 562 meo
315 487 461 558 nomine
488 483 660 573 Magistro
677 471 849 561 Franco,
881 476 937 552 M.
953 473 1045 550 Iooc
1075 475 1149 550 imo
1172 490 1208 547 ει
1256 470 1412 570 praecidi
1437 471 1714 566 confragosiora:
1754 473 1889 546 retinui
1911 499 1995 548 vero
2018 487 2053 548 et
2074 470 2254 552 illustravi

212 584 401 670 Thomas,
441 611 481 658 ac
502 585 645 656 cacteris
673 581 844 655 convivis.
901 574 946 652 F
941 575 1090 651 aderio·
1108 593 1209 674 pater
1256 579 1377 662 utilia,
1415 577 1512 669 quod
1541 588 1659 648 tamen
1682 579 1881 649 verecunde
1904 579 1990 666 ieci,
2029 601 2075 650 ne
2103 576 2254 676 ἱεεὶιειὶει

213 693 255 764 in
269 686 383 786 Sigen
393 686 423 784 ²)
438 699 597 758 amanter
610 698 642 754 ει
657 682 852 754 liberaliter
867 705 923 752 me
938 683 1086 774 excepit,
1111 681 1208 774 quod
1258 675 1585 748 vehementioribus
1601 677 1754 768 ingeniis
1769 679 1963 752 discordias
1977 679 2088 770 magis
2110 679 2254 750 inflam-

215 793 251 864 ci
267 788 570 864 commemorabis.
621 783 720 861 Bene
732 784 829 872 vale,
853 784 912 854 die
927 783 963 856 9.
977 781 1087 872 Maii,
1110 780 1211 854 Ron·
1258 803 1404 856 marem.
1460 777 1545 848 Fuit
1569 779 1666 848 enirn
1690 774 1759 851 boc
1779 774 1872 850 mihi
1895 783 2000 853 etiam
2028 805 2150 862 curae,
2184 805 2255 850 no-

214 917 285 966 nae
299 895 345 966 ad
362 887 552 982 Rhenum,
578 882 689 960 154³.
1260 895 1391 964 strum,
1421 873 1490 968 hoc
1511 892 1563 950 est
1578 875 1775 964 Ecclesiae,
1809 905 2020 955 consensum
2043 882 2084 952 in
2103 881 2256 954 maiori-

844 995 1034 1094 Phffippus
1049 1013 1161 1094 pam,
1260 985 1327 1054 bus
1349 981 1461 1052 causis
1484 995 1525 1052 ut
1545 996 1674 1060 tuerer.
1733 981 1844 1054 Vides
1864 985 1961 1054 enim
1982 1007 2089 1076 quam
2119 983 2256 1056 multae

937 1145 939 1150 .
1261 1084 1350 1153 aliae
1364 1105 1488 1154 causae
1502 1083 1710 1153 utilissimae
1725 1098 1839 1155 motae
1852 1086 1935 1159 sint.
1985 1083 2037 1158 Ut
2051 1099 2167 1157 autem
2186 1087 2257 1156 du-

227 1201 1209 1262 --·--4----··-·------—-·-,-
1262 1207 1344 1256 cum
1369 1207 1426 1254 ars
1450 1179 1520 1268 εει,
1555 1184 1689 1256 leviora
1712 1198 1747 1256 et
1773 1209 1918 1277 paterga
1941 1186 2120 1257 interdum
2143 1185 2257 1257 r'elin-

1263 1310 1389 1382 quere,
1425 1307 1471 1355 ne
1493 1283 1734 1378 impediantur
1755 1287 1794 1358 in
1815 1287 2069 1382 persequendis
2089 1289 2257 1358 adversa-

218 1385 288 1460 No.
304 1383 417 1456 2702.
1051 1389 1110 1452 11·
1128 1375 1214 1446 Maii·
1263 1381 1365 1472 riis,u
1386 1386 1435 1456 ita
1465 1387 1570 1456 nobis
1599 1386 1893 1475 videndumst,
1930 1389 2126 1484 dequibus
2148 1389 2258 1460 rebus

172 1495 181 1512 ⁸
226 1477 398 1513 ’θ’
776 1563 784 1582 .
980 1461 987 1497 ⁸
1043 1469 1214 1499 Μ
1264 1487 1416 1560 maxime
1445 1487 1688 1558 dimicandum
1719 1489 1776 1564 rit.
1832 1487 2021 1561 Pontifices
2042 1489 2169 1560 maiori
2196 1513 2259 1582 spe

586 1558 625 1650 Ῑ·
658 1557 850 1648 Calvum·
1265 1614 1374 1684 quam
1405 1601 1565 1682 unquam
1597 1611 1676 1659 suas
1712 1586 1981 1684 εἰδωλομανίας
2017 1605 2259 1684 propugnant.

291 1741 373 1799 agga
390 1741 435 1796 ta:
462 1739 501 1793 to.
518 1736 624 1794 calvini
643 1757 658 1792 e
678 1736 721 1792 gg
740 1747 767 1792 g,
788 1755 831 1792 res
870 1755 912 1792 m.
954 1734 1057 1792 Gener.
1072 1733 1149 1792 1517,
1166 1733 1217 1790 nt.
1265 1687 1499 1763 Arbitrantur
1527 1689 1625 1758 enim
1649 1691 1798 1781 stultitia
1822 1691 2260 1785 nostrorum'Priuripurn

327 1811 427 1885 patr.
460 1807 553 1864 Eiurd.
568 1805 643 1879 opp.
657 1757 690 1862 h
706 1807 752 1863 vt.
771 1773 971 1880 P.1.'p.t'7t.
1265 1807 1387 1863 nostra
1410 1793 1573 1882 dogmata
1596 1791 1735 1864 ruitura
1757 1817 1852 1880 esse,
1883 1815 1972 1888 quos
1991 1793 2115 1864 vident
2137 1793 2262 1886 impli-

308 1983 397 2035 2
490 1957 705 2038 sams
735 1955 947 2036 canu
1267 1893 1460 2066 :tata
1478 1893 1662 2086 ‘aaa
1678 1887 2262 2085 santellalalaza

225 2085 289 2178 Ex
314 2099 488 2174 nundinis
509 2096 887 2168 Francolordiensibus
914 2095 1060 2186 epistola
1089 2095 1133 2164 ad
1162 2117 1218 2164 rne
1267 2093 1347 2168 Etsi
1362 2090 1542 2164 hoctanto
1567 2093 1662 2163 malo
1683 2119 1845 2182 moveor,
1871 2099 1966 2190 quod
1990 2098 2133 2192 quidem
2157 2119 2262 2187 saepe

225 2221 288 2280 tua
301 2202 505 2276 transmissa
521 2212 592 2284 est,
618 2199 774 2290 exempla
792 2221 875 2268 vero
892 2198 977 2268 editi
999 2196 1121 2288 scripti
1144 2219 1218 2266 non
1268 2195 1430 2290 praediri
1449 2195 1645 2266 vaticinans
1665 2191 1711 2269 οὐ
1731 2203 1912 2294 μαντικῇ,
1945 2193 2038 2281 ἀλλὰ
2054 2193 2261 2296 φιλοσοφίᾳ

226 2320 311 2381 sunt
333 2305 454 2387 allata3
492 2301 627 2372 tardius
657 2301 752 2369 enim
776 2298 1066 2369 Francolordiam
1095 2297 1220 2366 allatae
1268 2323 1342 2369 τινι
1365 2287 1529 2383 stratae,
1566 2321 1646 2367 cum
1661 2295 1870 2392 Principum
1894 2294 2264 2398 πολυπραγμοσύνην
2307 2303 2312 2314 “

226 2411 384 2482 fuerant..
437 2401 563 2474 Postea
586 2397 743 2472 Bonnoe
766 2403 858 2492 apud
882 2398 927 2474 D.
949 2393 1131 2469 Bocerom
1154 2421 1222 2468 na-.
1270 2413 1305 2470 et
1328 2398 1416 2468 alios
1439 2398 1582 2467 morbos
1603 2397 1777 2469 viderem:
1812 2415 1929 2472 tamen
1945 2400 2016 2471 scio
2033 2399 2148 2472 Deum
2168 2401 2265 2471 inter

227 2525 306 2584 ctus
327 2505 527 2596 exemplum
550 2503 626 2574 vidi
647 2498 716 2596 τὴν
738 2494 1000 2596 προςφώνησεν
1022 2503 1064 2568 ad
1086 2523 1163 2580 me,
1186 2512 1221 2590 et
1269 2501 1391 2572 fatales
1413 2499 1644 2592 imperiorum
1666 2503 1840 2574 tumultus
1866 2503 2045 2586 ecclesiam
2070 2526 2169 2573 suam
2188 2525 2264 2572 ser·

228 2611 346 2684 subito
357 2607 489 2677 honam
503 2593 898 2695 partemdisputatiouis
911 2603 1026 2672 evolvi
1036 2595 1085 2692 *).
1112 2599 1221 2690 Quod
1270 2625 1353 2671 vare
1375 2600 1598 2674 mirabiliter.
1663 2599 1746 2672 Non
1770 2603 1879 2692 igitur
1895 2605 2101 2694 frangamur
2122 2603 2265 2690 animis,

176 2773 178 2776 .
228 2726 347 2786 autem
363 2703 559 2777 honorifico
577 2705 778 2776 testimonio
795 2727 851 2772 me
867 2705 1006 2772 ornaris
1028 2718 1063 2774 et
1082 2704 1127 2771 de
1147 2714 1221 2772 tota
1272 2705 1330 2772 sed
1348 2703 1433 2772 dum
1451 2725 1657 2795 possumus,
1682 2725 1867 2790 sonemus,
1899 2719 1941 2777 nt
1961 2727 2151 2776 conversus
2172 2705 2264 2776 latro

229 2838 269 2888 re
282 2834 359 2884 non
374 2809 489 2884 solum
507 2807 564 2898 pie
581 2807 640 2876 sed
660 2807 763 2878 etiarn
788 2805 993 2897 eloquenter
1015 2801 1222 2872 dissenseris
1272 2805 1311 2874 in
1332 2827 1452 2888 cruce,
1489 2803 1687 2872 doctrinam
1711 2806 1756 2873 de
1778 2805 1852 2874 filio
1874 2803 1961 2891 Dei,
1998 2808 2112 2900 deque
2137 2829 2266 2876 arcana

230 2919 276 2988 dc
292 2927 442 3004 umque
458 2913 516 2992 re,
551 2907 860 2978 videlicetdemea
884 2907 1099 2996 gratitudine
1121 2917 1155 2974 et
1178 2905 1222 2972 de
1273 2905 1462 2996 sapientia,
1495 2927 1585 2997 quae
1611 2919 1662 2976 est
1686 2906 1850 2976 ecclesiae
1873 2907 2035 2999 propria,
2066 2907 2266 2996 demagni·

231 3018 309 3109 ipsa
323 3010 559 3104 disputatione
574 3033 689 3078 eoram
707 3031 783 3091 nos,
808 3022 849 3078 ut
864 3006 959 3077 soliti
975 3030 1107 3088 sumus,
1132 3027 1224 3098 quo·
1273 3007 1398 3077 tudine
1415 3001 1590 3074 humanae
1605 3003 1837 3094 infirmitatis,
1863 3009 1907 3078 de
1927 3007 2146 3102 poenitentia
2165 3023 2199 3080 et
2221 3007 2265 3077 fi·

231 3119 299 3191 ties
329 3136 402 3186 una
428 3111 560 3182 luimus
587 3109 723 3200 prolixe
754 3107 909 3200 colloqui
935 3131 1034 3199 posse
1059 3105 1224 3199 optarim.
1274 3107 1376 3177 duria
1399 3107 1592 3198 promissae
1615 3107 1877 3178 misericordiae
1892 3123 2038 3201 propter
2054 3109 2168 3180 lilium
2184 3105 2267 3198 Dei,

231 3215 313 3291 Eoi
335 3215 431 3287 euim
453 3225 590 3283 tantum
615 3211 671 3282 vel
693 3209 826 3300 ingenii
851 3209 907 3278 vel
931 3208 1112 3278 doctrinae
1134 3201 1225 3275 mihi
1276 3231 1357 3278 vera
1372 3207 1616 3292 invocatione,
1650 3221 1684 3279 et
1698 3209 1790 3280 veris
1805 3211 1968 3281 ecclesiae
1981 3211 2193 3291 virtutibus,
2221 3213 2267 3282 de
2375 3219 2376 3292 l

189 3355 198 3373 .
233 3341 310 3392 non
326 3336 471 3404 arrogo,
497 3310 832 3405 ‹prantumtribuim
858 3323 893 3380 et
912 3334 976 3378 nos
1000 3309 1164 3400 inprimis
1186 3307 1225 3376 in
1276 3309 1450 3404 mysteriis
1481 3333 1555 3378 non
1584 3308 1807 3400 polluendis,
1853 3313 1898 3382 de
1931 3313 2097 3383 ecclesiae
2128 3311 2267 3404 politia,

235 3417 381 3494 ecclesia
406 3437 591 3504 agnoscere
617 3411 892 3481 imbecillitatem
922 3424 1077 3480 nostram
1109 3409 1225 3478 decet:
1276 3434 1350 3480 non
1372 3410 1559 3504 illaquam
1583 3410 1722 3498 lingunt
1743 3409 1948 3500 Pontifices,
1979 3417 2040 3484 sed
2060 3413 2176 3508 qualis
2197 3415 2269 3486 luit

233 3537 353 3595 tamen
376 3514 621 3587 benevolentia
646 3535 727 3604 erga
749 3537 804 3580 me
829 3523 890 3580 tua
912 3507 1138 3579 vehementer
1164 3511 1227 3578 dc-
1276 3503 1529 3602 prophetarum
1548 3523 1581 3579 et
1596 3505 1868 3603 Apostolorum,
1891 3516 2044 3608 denique
2058 3517 2103 3584 de
2119 3514 2193 3586 vita
2208 3539 2270 3586 ae-

233 3625 361 3706 lector‚
397 3617 535 3709 tibique
560 3607 707 3704 gratiam
731 3609 864 3697 babeo,
903 3616 998 3704 quod
1032 3611 1226 3700 inscripto
1277 3628 1388 3684 terna.
1444 3607 1501 3681 Ad
1526 3605 1654 3680 barum
1676 3613 1907 3685 maximarum
1928 3639 2046 3686 remm
2069 3615 2270 3686 doctrinam

233 3723 416 3798 luculento
434 3731 602 3810 tanquam
625 3717 664 3784 in
687 3715 819 3784 illustri
842 3713 987 3808 positam
1012 3713 1090 3782 loco
1111 3725 1227 3784 extare
1272 3712 1473 3784 'ornandam
1509 3713 1698 3783 transieras
1735 3715 1841 3784 velim
1882 3716 2120 3810 eloquentiam
2160 3731 2272 3805 tuam,

236 3819 527 3917 significationem
544 3817 673 3887 amoris
690 3839 771 3906 erga
786 3838 840 3882 me
857 3815 909 3885 tui
925 3813 1081 3886 voluisti.
1134 3809 1228 3883 Gra·
1279 3837 1368 3909 quae
1383 3827 1417 3884 et
1433 3813 1641 3883 confirmare
1655 3827 1815 3901 nostros,
1839 3827 1971 3890 terrere
1992 3819 2213 3889 adversarios
2235 3833 2272 3892 et

235 3942 314 4001 tum
328 3916 419 3994 mihi
436 3935 471 3990 et
485 3921 576 3990 illud
591 3934 691 3990 tuum
717 3916 957 3987 testimonium
980 3938 1053 3984 esse
1076 3915 1228 4004 ingenue
1279 3915 1452 3985 sanabiles
1475 3915 1595 3984 iuvare
1618 3915 1758 4005 poterit.
1816 3907 1928 3988 Cuius
1955 3932 2006 3990 est
2032 3917 2127 3990 enim
2154 3920 2271 3992 oratio

236 4027 366 4109 fateor,
399 4024 495 4118 quod
515 4044 570 4089 me
587 4034 621 4091 et
638 4043 755 4090 amare
778 4031 810 4086 et
834 4042 1000 4110 quaerere
1023 4016 1229 4108 simplicita-
1278 4012 1348 4088 hoc
1377 4029 1534 4103 ternpore
1565 4015 1605 4083 in
1636 4017 1851 4108 disputando
1885 4021 1941 4090 vel
1971 4021 2173 4108 nervosior,
2213 4023 2273 4093 vel

237 4143 310 4202 tem
325 4125 425 4198 dicis.
473 4121 565 4193 Nam
578 4121 778 4212 praedicare
797 4120 891 4187 bona
912 4117 1124 4187 conscientia
1147 4138 1230 4208 pos-
1280 4116 1525 4208 splendidior?
1574 4115 1701 4187 Nostra
1724 4119 1791 4187 vel·
1804 4135 1948 4212 propter
1968 4121 2103 4212 ingenii
2118 4121 2274 4193 infirmi-

240 4253 341 4314 sum,
372 4223 479 4295 luisse
501 4217 568 4292 boc
593 4246 711 4292 meum
735 4218 912 4301 studium,
945 4243 1025 4289 cum
1047 4217 1149 4286 initio
1166 4211 1230 4286 ha·
1270 4231 1406 4302 statem,
1445 4217 1501 4285 vel
1529 4231 1672 4310 propter
1700 4241 1757 4290 eas
1783 4243 1987 4310 aerumnas,
2022 4223 2154 4318 quibus
2183 4247 2275 4294 con·

240 4353 321 4406 rum
344 4323 612 4400 contentionum
634 4322 746 4392 multa
769 4315 951 4390 horridius
973 4332 1007 4388 et
1032 4317 1230 4388 intricatius
1280 4333 1394 4388 sumta
1409 4331 1460 4390 est
1473 4330 1620 4387 naturae
1636 4320 1707 4406 vis,
1733 4320 1855 4416 siqua
1877 4323 1965 4409 hait,
1993 4337 2045 4394 est
2064 4323 2274 4420 squalidior.

241 4431 526 4524 disputarentur,
555 4437 596 4494 ut
620 4445 840 4514 excerperem
864 4443 919 4490 res
942 4419 1065 4504 utiles,
1104 4440 1231 4511 easque
1281 4417 1499 4511 Magnopere
1522 4419 1629 4507 igitur
1649 4423 1803 4510 gaudeo,
1836 4422 2011 4496 divinitus
2031 4438 2065 4496 te
2088 4427 2132 4495 ad
2148 4421 2276 4496 Evan-
2372 4479 2373 4517 q

242 4557 286 4604 ex
301 4531 363 4601 illa
381 4527 529 4618 caligine
545 4525 720 4610 evolutas,
753 4535 924 4618 quantum
946 4543 1102 4614 possem,
1126 4519 1231 4612 plane
1282 4521 1364 4611 gelii
1380 4519 1648 4612 explicationem
1662 4523 1850 4594 excitatum
1867 4548 1956 4606 esse,
1980 4538 2086 4620 teque
2098 4527 2161 4596 illa
2172 4527 2277 4619 Apo-

243 4646 279 4706 et
293 4633 414 4704 dextre
429 4629 631 4710 recitarem,
655 4647 719 4694 nec
737 4647 817 4694 raro
836 4624 926 4693 illud
943 4619 1126 4712 Euripidis
1141 4615 1232 4689 mihi
1281 4623 1363 4692 stoli
1379 4645 1463 4690 voce
1476 4615 1662 4708 adhortor,
1694 4645 1801 4718 quam
1822 4627 1945 4698 scribit
1960 4628 2005 4696 ad
2023 4621 2276 4700 Timotheum:
2342 4705 2347 4712 ,

243 4732 396 4806 venitin
409 4743 579 4800 mentem:
613 4721 750 4800 ἐσθλὸν
771 4717 814 4796 τὸ
839 4717 954 4819 σαφὲς
976 4735 1010 4794 ει
1021 4721 1173 4826 ἄσοφον
1188 4717 1232 4793 τὸ
1281 4719 1333 4816 μὴ
1352 4719 1474 4814 ἀμέλει
1488 4726 1556 4793 τοῦ
1571 4720 1613 4794 ἐν
1627 4717 1686 4794 σοὶ
1697 4720 1940 4820 χαρίσματος.

1384 4820 1460 4892 Etsi
1484 4836 1599 4892 autem
1623 4824 1748 4896 videor
1771 4821 1941 4923 ὀτρύνειν
1963 4821 2193 4918 σπεύδοντα,
2220 4847 2277 4904 ta-
2371 4823 2372 4882 3

1283 4947 1365 4993 men
1386 4927 1431 4994 ad
1455 4923 1715 4996 confirmandos
1737 4929 1876 4999 animos
1898 4924 1965 4999 hae
1984 4945 2129 5000 mutuae
2146 4927 2277 5004 cobor-

280 5064 308 5131 1)
323 5059 400 5114 llaec
412 5067 438 5112 ει
451 5075 518 5130 quae
530 5066 682 5129 aequemur
696 5073 752 5110 rou
765 5053 848 5110 edidit
860 5050 1021 5109 Sebelboro.
1097 5045 1098 5052 ’
1283 5025 1433 5095 taliones
1455 5048 1516 5094 ⁸01¹
1545 5027 1803 5098 θῦΠδΟῙῧιὶθιιθε
1829 5029 2032 5122 praesertim
2061 5030 2101 5100 in
2131 5034 2279 5108 ecelesia

278 5137 789 5214 1)narrationem.optarint.
1091 5129 1095 5135 ’
1283 5125 1419 5220 aliquid
1440 5127 1667 5214 conducunt,
1704 5145 1745 5202 ut
1766 5129 1900 5202 Paulus
1927 5153 1965 5200 se
1991 5131 2039 5202 ait
2066 5133 2158 5203 velle
2181 5157 2279 5230 ougo

278 5218 1234 5363 tulerunt·laureatamatses
1283 5227 2279 5322 „rmnsaamfflmpomonamomnm.
2370 5261 2371 5278 ¹

312 5383 379 5418 nm.
400 5360 475 5418 1543,
1283 5329 1445 5404 factione.
1497 5327 1591 5399 Satis
1607 5345 1659 5402 est
1680 5325 1857 5420 bostium,
1887 5333 1950 5430 qui
1964 5326 2118 5422 'domino
2141 5323 2280 5414 bellum

243 4923 462 4948 m

1979 5546 1988 5660 l

1938 5683 1979 5790 .)
