4704 5804
92 233 153 308 aaa
648 224 1088 306 artsroaartuu
1147 223 1347 300 mum
1399 219 1529 302 1644.
2026 225 2104 304 seo
2196 208 2199 215 ’

89 402 296 476 familiariter
315 404 466 492 rogabo,
490 416 531 474 ut
551 402 737 474 absolvant
753 401 956 492 negocium,
989 421 1058 491 quo
1111 397 1267 468 fortassis
1282 391 1594 488 reprehendendus
1611 396 1734 469 etiamr
1758 403 1877 470 tamen
1900 399 1941 469 in
1962 393 2029 471 hac
2042 421 2102 470 ee-

88 507 267 580 describis.
316 503 365 576 Et
380 507 552 589 arbitror,
578 507 634 574 rel
651 529 727 574 mea
746 529 867 588 causa,
893 527 967 572 rem
985 527 1061 568 ma·
1110 499 1265 570 lamitate.
1279 502 1363 569 dare
1378 501 1470 570 diem
1487 501 1672 570 solutionis
1689 515 1742 571 est
1759 497 1966 572 humanum.
2002 499 2099 572 Bene

88 621 254 676 turaturos
271 629 354 680 esse.
405 603 474 677 Sed
492 607 521 676 si
540 605 677 689 videas,
704 620 875 700 quantum
900 627 1059 674 essone-
1111 600 1198 674 valess
1248 599 1365 672 Dico.
1381 598 1517 674 Martii.

89 723 132 778 ret
145 709 241 788 aula,
267 709 399 776 diceres
415 731 487 776 non
508 703 700 801 Sisyphum
723 707 912 794 agitantem
930 703 1060 774 Saxum

88 811 168 899 apud
188 809 320 878 inferos
341 809 424 898 plus
447 808 620 878 sustinere
637 809 779 880 laboris.
831 807 912 876 Nou
932 805 1061 896 opinor

86 924 149 978 tota
162 907 368 978 Parisiensis
384 905 510 992 Curia,
535 910 565 977 si
589 905 657 979 hue
671 909 936 998 commigraret,
960 905 1063 976 aulae

88 1011 197 1078 litibus
220 1009 416 1078 satisfacere
438 1024 569 1099 posset,
600 1033 685 1102 quas
707 1035 748 1080 eo
772 1009 946 1092 cumulat,
978 1008 1058 1100 quia

89 1112 243 1178 virtutem
262 1133 335 1178 esse
359 1123 458 1200 putat
482 1105 720 1206 φιλονεικίαν.
771 1107 821 1180 Et
844 1111 881 1178 in
896 1109 1061 1178 omnibus

88 1211 247 1299 negociis,
278 1235 354 1280 raon
375 1211 495 1280 minus
515 1214 558 1280 de
578 1211 712 1300 ingenii
732 1212 855 1290 laude,
890 1235 995 1304 quam
1018 1213 1060 1276 de

32 1295 33 1302 ἵ
87 1312 196 1380 fundis
220 1299 306 1400 ipsis
332 1324 478 1385 certant.
535 1309 631 1381 Haec
654 1313 769 1382 aliena
794 1325 877 1382 sunt
899 1335 919 1379 a
942 1323 1060 1378 nostra
1461 1269 1525 1352 1⁰·
1554 1269 1751 1359 mntem·

32 1425 33 1434 ’
87 1407 326 1502 Philosophia,
359 1435 450 1505 quae
475 1426 569 1483 vetat
591 1437 748 1506 unquam
773 1413 1000 1495 contendere,
1032 1411 1062 1480 at
1179 1427 1245 1550 ff?
1269 1436 1334 1481 auto
1367 1426 1631 1549 aptantqgtmttmqtls
1649 1427 1775 1482 anua.
1801 1427 2096 1552 pappomnemtsipq

119 1509 127 1534 l
250 1509 262 1534 ³
395 1507 404 1534 Ι
1527 1527 1539 1539 ι

88 1509 1062 1707 titt}tami?matthiam.{31
1212 1505 1829 1634 ..attraxere..restauratae
1846 1507 2000 1622 attali?
2019 1517 2096 1638 tl..

231 1668 241 1697 s
641 1679 645 1705 2
1005 1677 1012 1682 -

499 1711 508 1738 ἱ
1214 1633 1296 1702 nesii,
1314 1633 1387 1704 quod
1402 1631 1482 1686 floret
1495 1629 1620 1690 Coronae
1632 1634 1661 1686 in
1672 1631 1893 1704 Transsylvania.

278 1719 295 1735 u
379 1719 395 1736 u
519 1741 530 1759 ἱ
627 1713 652 1754 >⁴
700 1713 711 1740 a)
785 1719 802 1736 u
964 1715 982 1732 Ν

32 1839 33 1848 ,
88 1737 548 1889 ἔξὲἱέεξοέωςὶἵζχωρι”
596 1739 665 1788 ova
693 1716 820 1814 υρθως
848 1739 998 1811 ‘pium
1014 1706 1062 1806 *)
1113 1779 1337 1860 Clarissimo
1359 1785 1436 1857 viro
1457 1783 1658 1858 eruditione
1683 1797 1716 1858 et
1739 1773 1868 1860 virtute
1890 1793 2100 1888 praestanti
2179 1805 2181 1810 ’

178 1913 233 1984 De
246 1913 435 1986 Conventu
457 1929 593 2006 praeter
604 1913 820 2002 Exordium,
845 1911 938 1986 nihil
955 1909 1064 1984 habe·
1113 1889 1168 1967 D·
1192 1884 1405 2008 Ῑθῆαηζῑί
1430 1885 1641 2006 HWM
1672 1887 1898 1984 duhmmnlf
1926 1896 1993 1989 Pla
2018 1905 2097 1966 δῖα·
2152 1979 2155 1986 .

90 2039 169 2088 ,Μ
221 2015 282 2086 Τιι
301 2017 470 2110 qugcquqd
493 2013 640 2094 habebi,
664 2011 873 2116 ἀξιόλογον,
898 2017 1083 2106 signifi&
1155 1989 1220 2062 dea
1248 1988 1434 2062 doctrinae
1460 2013 1500 2060 tn
1527 1987 1614 2060 urbe
1637 1983 1786 2062 Corona
1815 1991 2064 2096 [Kronstadt]

90 2113 197 2186 Hodie
229 2113 289 2186 hic
318 2119 407 2188 duos
438 2119 552 2188 bonos
578 2117 703 2204 Viros,
736 2119 944 2201 Pannouas,
973 2119 1064 2186 inter
1334 2087 1658 2187 Tramf'lmma‘
1680 2117 1799 2164 “mm
1816 2117 1884 2165 ⁸¹¹⁰

92 2215 215 2286 Turres
255 2220 529 2288 concionatnros
568 2215 801 2308 Evangelium
841 2211 1063 2311 ἐμοήοαμεν.
1113 2204 1159 2295 S.
1184 2220 1230 2294 D.
1286 2219 1460 2318 Delector,
1483 2222 1646 2313 equidem
1669 2223 1915 2295 benevolentia
1940 2249 2020 2316 erga
2041 2251 2099 2298 me

32 2323 33 2406 J
90 2311 175 2387 Deus
197 2333 314 2388 servet
329 2317 506 2390 Ecclesiae
521 2344 605 2389 suas
620 2345 659 2390 ac
677 2319 905 2391 honestorum
929 2320 1066 2390 studio·
1114 2340 1174 2396 tua
1187 2347 1293 2418 quam
1309 2323 1412 2394 toties
1431 2345 1472 2391 ex
1488 2323 1600 2392 literis
1613 2323 1700 2408 tuis,
1725 2339 1759 2419 et
1774 2326 1922 2396 literatis
1939 2328 2099 2396 muneri·

93 2441 161 2486 mm
181 2419 363 2512 reliquias.
421 2415 504 2512 aspi
527 2413 805 2515 νομοφυλάκων
825 2415 973 2492 πανικοὶ
993 2412 1064 2489 dd·
1115 2428 1182 2496 bus
1197 2448 1286 2518 quae
1300 2424 1428 2493 misisti
1442 2423 1603 2512 cognovi.
1654 2423 1724 2495 Sed
1740 2427 1852 2497 multo
1866 2428 1977 2516 magis
1990 2429 2101 2498 laetor

71 2517 209 2610 papas,
258 2521 383 2611 quales
412 2521 534 2589 vidisti
563 2524 730 2592 adversus
760 2522 848 2590 allos
876 2523 1067 2601 interdum,
1115 2523 1291 2597 Ecclesiae
1307 2547 1427 2605 eausa,
1452 2537 1487 2593 te
1503 2525 1654 2596 intanta
1668 2525 1875 2598 Pannoniae
1891 2529 2101 2614 calamitate,

94 2623 239 2689 nondum
257 2645 403 2712 prorsus
419 2621 531 2692 sedati
544 2637 636 2695 sunt.
688 2623 757 2693 Sed
782 2623 879 2693 dabit
893 2621 991 2692 Deus
1011 2617 1068 2690 his
1117 2627 1304 2698 excitatum
1327 2649 1400 2694 esse
1421 2626 1613 2711 divinitus,
1642 2639 1682 2696 ut
1702 2625 1878 2699 Ecclesiae
1900 2629 2100 2700 doctrinam

95 2721 184 2788 uiam
205 2723 327 2789 finem.
364 2719 463 2791 Bene
478 2724 566 2796 vale.
603 2719 875 2796 Die5.Martii.
920 2721 1068 2793 Somnia
1118 2741 1151 2798 et
1164 2729 1223 2820 pia
1239 2727 1355 2796 studia
1370 2726 1423 2796 ibi
1437 2727 1620 2798 instaures.
1651 2753 1691 2799 ac
1706 2733 1812 2800 deum
1830 2755 1912 2815 oro,
1938 2744 1977 2802 ut
1992 2745 2026 2802 te
2042 2755 2102 2802 re-

95 2833 145 2888 tuo
161 2846 318 2896 moveor.
369 2821 441 2894 Nec
459 2825 608 2896 obscura
624 2837 676 2894 est
692 2823 948 2918 interpretatio,
973 2823 1003 2891 si
1021 2842 1067 2890 est
1119 2843 1187 2922 gat,
1212 2842 1247 2898 et
1263 2829 1401 2897 labores
1415 2839 1495 2897 tuos
1511 2829 1664 2902 adiuvet.
1714 2829 1913 2912 Meministi
1926 2831 2031 2904 Pauli
2045 2833 2103 2902 di·
2218 2841 2220 2848 '

1562 688 1750 812 Philippus
1772 713 1998 798 Melanthum.

1924 1088 2095 1172 milliari„

1920 1179 2091 1212 Μ

32 2965 34 2972 -
94 2916 276 3008 μαντικόν.

584 3021 1022 3134 Philippuslltlelanthon.

775 3414 807 3476 8.
820 3405 909 3470 lilart.
926 3409 979 3490 (h.
995 3431 1020 3470 e.
1032 3407 1073 3488 i)

788 3501 1053 3539 w

433 3595 735 3688 ttmmmo

185 3736 559 3828 mmmupmm

63 3427 68 3440 ·
95 3394 153 3471 No.
166 3397 280 3473 2876.

101 3489 265 3524 Μ

98 3899 254 3980 floreo
282 3901 317 3982 C
323 3905 407 3980 rod
413 3907 454 3980 el
461 3907 477 3980 ι’
483 3936 503 3980 ο
530 3907 778 4107 (gubeqnanti
792 3897 960 3980 scholam
978 3903 1015 3979 Τ
1016 3933 1073 3978 or-

500 4035 643 4106 gensem

100 4119 136 4206 S·
159 4141 202 4216 D.
255 4145 403 4226 Libros,
429 4137 626 4238 dequibus
651 4147 793 4232 scribis,
813 4147 971 4233 mittam,
997 4153 1088 4218 cum'

100 4237 227 4315 habebo
248 4247 441 4332 nuncium,
473 4271 568 4318 nunc
592 4250 687 4318 enim
709 4271 784 4317 non
806 4251 975 4334 sciebam,
1000 4251 1078 4343 quis

100 4339 157 4414 has
175 4349 218 4416 de
236 4348 358 4417 literas
379 4349 550 4419 allaturus
566 4363 670 4434 esset,
696 4373 781 4442 quas
799 4349 915 4418 scribo
931 4351 975 4420 de
990 4375 1079 4443 quo-

102 4447 175 4514 dam
188 4473 299 4540 egeno
318 4473 357 4517 ac
370 4450 499 4518 misero
516 4445 680 4535 homine,
705 4446 861 4548 Wolsg.
875 4445 996 4525 Kant.
1046 4449 1080 4520 Is

105 4547 199 4618 dehet
231 4551 329 4632 istic,
371 4562 406 4618 et
432 4550 550 4620 redire
581 4575 656 4620 uon
687 4553 792 4622 audet
821 4553 897 4622 sine
921 4553 1081 4642 pecunia.

104 4643 201 4719 Nunc
216 4652 248 4719 ei
265 4652 385 4720 literas
400 4653 443 4720 ad
462 4657 630 4740 generum
646 4653 818 4722 dedimus.
842 4653 946 4744 Rogo
962 4654 1082 4744 igitur,

32 4741 34 4754 '
106 4761 143 4816 ut
164 4751 316 4820 iudicem
340 4753 464 4842 oppidi
486 4775 584 4838 ores,
608 4777 653 4822 ne
669 4777 725 4822 res
739 4755 814 4824 eius
831 4749 1083 4840 distrahantur,

108 4852 161 4918 sed
183 4865 392 4943 prorogetur
422 4868 560 4944 tempus
588 4856 786 4928 solutionis.
816 4863 824 4910 ἱ
843 4853 974 4946 Spero,
1003 4848 1112 4928 eum¹

109 4949 236 5044 aliquid
251 4955 417 5045 pecuniae
435 4956 626 5026 allaturum
642 4979 727 5030 esse.
778 4951 943 5026 Etnosti
967 4953 1084 5028 homi-

110 5053 160 5121 nis
180 5057 373 5142 miseriam,
397 5057 480 5150 qui,
505 5058 572 5127 etsi
586 5081 799 5128 oeconomus
815 5072 867 5129 est
888 5059 1028 5148 infelix,
1052 5075 1086 5131 et

113 5249 321 5270 'Q———t—-n

141 5368 167 5436 'l
185 5345 320 5440 leguntur
332 5371 361 5426 io
375 5373 504 5445 Sophoel.
519 5374 590 5430 oea.
605 5375 726 5448 Tyrants.
737 5393 778 5430 ts.
791 5375 841 5430 549
854 5393 893 5445 tq.

1120 2945 1225 3002 ctum.
1252 2923 1272 2999 ὃ
1293 2924 1383 3009 θεὸς
1402 2921 1475 3026 γάρ
1491 2928 1590 3000 ἐστιν
1606 2924 1625 3000 ὃ
1641 2928 1803 3028 ἐνεργῶν
1818 2932 1858 3003 ἓν
1872 2928 1966 3024 ὑμῖν
1976 2929 2041 3006 καὶ
2057 2929 2101 3006 τὸ

1119 3025 1244 3102 θέλειν
1265 3023 1328 3100 καὶ
1348 3025 1391 3100 τὸ
1417 3029 1579 3127 ἐνεργεῖν
1591 3025 1684 3126 ὑπὲρ
1699 3036 1764 3124 τῆς
1777 3021 1957 3114 εὐδοκίας.
2004 3033 2103 3105 Haec

1120 3156 1177 3202 me
1200 3131 1372 3200 sententia
1397 3154 1476 3224 sepe
1497 3133 1537 3200 in
1559 3133 1690 3200 nostris
1713 3133 1994 3215 difficultatibus,
2017 3157 2103 3228 quas

1121 3231 1333 3303 sustinemus
1363 3231 1467 3300 etiam
1490 3233 1622 3317 varias,
1656 3234 1765 3304 erexit
1785 3248 1820 3304 et
1840 3236 2017 3314 consolata
2043 3249 2105 3306 est.

1120 3334 1302 3406 Divinitas
1331 3357 1471 3402 accensa
1496 3347 1547 3402 est
1575 3334 1635 3402 lux
1665 3335 1846 3425 doctrinae
1876 3351 1911 3407 et
1941 3331 2106 3408 inchoata

1121 3435 1338 3527 propagatio.
1388 3431 1490 3503 Hanc
1506 3437 1592 3523 deus
1614 3434 1688 3526 ipse
1702 3435 1912 3522 adiuvabit,¹
1926 3453 1966 3509 ut
1987 3439 2107 3532 aliqua

1121 3538 1208 3606 liant
1223 3538 1289 3605 deo
1306 3547 1402 3624 grata
1419 3535 1513 3605 inter
1527 3531 1700 3606 homines.
1748 3535 1840 3607 Nam
1858 3539 2009 3608 maxima
2025 3563 2107 3630 pars

1122 3637 1260 3727 generis
1282 3631 1430 3704 humani
1451 3649 1650 3730 contempta
1663 3663 1748 3708 voce
1771 3638 1830 3708 dei
1850 3639 1924 3710 ruit
1949 3641 2108 3712 furenter

1123 3739 1163 3806 in
1179 3761 1286 3807 omne
1299 3760 1409 3828 genus
1432 3738 1599 3808 scelerum
1612 3752 1647 3809 et
1660 3737 1749 3809 iram
1764 3740 1822 3809 dei
1836 3741 1960 3812 irritat.
2009 3735 2110 3812 Inte-
2133 3745 2138 3761 '

1123 3839 1193 3908 rim
1217 3839 1369 3927 excerpit
1393 3839 1478 3908 deus
1499 3841 1664 3907 emundo
1680 3833 1873 3914 Ecclesiam
1896 3866 1995 3912 suam
2011 3858 2109 3934 grata

1126 3940 1193 4032 ipsi
1208 3937 1404 4020 facientem,
1418 3951 1512 4008 recte
1526 3940 1723 4020 docentem,
1741 3942 1963 4012 invocantem
1979 3945 2109 4034 ipsum,

1117 4040 1347 4114 ,obedientem
1376 4037 1462 4130 ipsi,
1495 4052 1529 4108 et
1550 4039 1679 4111 virtute
1706 4055 1892 4138 ornantem
1920 4045 2111 4148 professio-

1125 4165 1216 4213 nem.
1276 4137 1533 4210 Coulirmemus
1563 4139 1672 4230 igitur
1698 4165 1762 4212 nos
1789 4137 1855 4212 hac
1875 4145 2110 4236 promissione

1126 4241 1250 4314 auxilii
1271 4241 1396 4314 divini.
1446 4237 1494 4311 Et
1516 4266 1718 4336 quanquam
1741 4243 1893 4316 Tureica
1914 4271 2012 4318 arma
2036 4271 2111 4318 non

1127 4345 1228 4416 vobis
1253 4355 1410 4426 tantum,
1439 4344 1501 4412 sed
1526 4343 1630 4412 etiam
1653 4347 1851 4434 germaniae
1872 4361 2012 4418 nostrae
2035 4371 2113 4418 ma-

1127 4469 1212 4536 gnas
1244 4443 1455 4517 vastationes
1488 4445 1686 4530 minantur,
1726 4461 1843 4516 tamen
1872 4473 1948 4518 non
1973 4449 2114 4534 dubito,

1129 4549 1234 4617 deum
1259 4559 1479 4614 servaturum
1503 4568 1575 4614 esse
1594 4547 1761 4640 reliquias
1777 4545 1953 4619 Ecclesiae
1972 4551 2054 4622 'suae
2078 4563 2114 4620 et

1129 4649 1269 4740 piorum
1284 4645 1501 4720 studiorum..
1543 4643 1592 4719 Et
1606 4649 1650 4718 ad
1674 4643 1741 4718 hoc
1755 4651 1940 4742 profutura
1955 4667 2007 4723 est
2025 4651 2114 4722 ami-

1131 4749 1216 4818 cicia
1231 4761 1264 4816 et
1279 4746 1480 4816 coniunctio
1496 4749 1609 4818 nostri
1625 4751 1772 4837 ordinis,
1797 4747 1865 4826 hoc
1881 4767 1934 4822 est
1948 4753 2116 4825 liberato-

1130 4875 1223 4922 rum.
1276 4848 1394 4937 Quare
1418 4863 1562 4940 propter
1577 4846 1753 4922 Ecclesiae
1776 4854 1962 4926 utilitatem
1983 4855 2115 4924 maiore

1133 4951 1249 5022 studio
1267 4975 1332 5018 nos
1351 4961 1474 5020 mutuo
1499 4952 1779 5041 complectemur.
1840 4953 1893 5023 Te
1914 4957 2057 5046 quidem
2076 4977 2117 5023 ex

1134 5043 1253 5121 animo
1277 5051 1398 5140 diligo.
1456 5049 1531 5121 Nec
1550 5055 1736 5124 auditurus
1759 5055 1900 5124 fuissem
1922 5055 2116 5126 calumnias

1134 5155 1232 5238 illas,
1257 5155 1301 5221 dc
1315 5151 1445 5245 quibus
1459 5153 1584 5224 scribis
1598 5155 1702 5225 etiam
1725 5157 1755 5225 si
1768 5150 1838 5225 huc
1854 5155 1979 5227 allatae
1993 5167 2119 5230 essent.

1051 5305 1054 5312 ,
1135 5253 1203 5324 Sed
1220 5255 1318 5333 scito,
1343 5247 1436 5328 nihil
1450 5253 1596 5324 istarum
1617 5257 1817 5326 fabularum
1832 5257 1877 5328 ad
1892 5281 1948 5326 me
1960 5281 2120 5352 unquam

1136 5357 1280 5426 allatum
1296 5377 1379 5435 esse.
1428 5349 1765 5526 ΙΞῑΙἯοοογάἰάοοω
1784 5357 1875 5430 illud
1888 5361 2042 5432 studiose
2055 5360 2120 5454 obp
