4670 5806
58 279 124 357 aar
174 389 187 407 ,
265 375 268 382 ¹
627 271 1065 376 nersronanun
1114 273 1221 354 nm.
1250 274 1314 354 rx.
1365 249 1499 357 1544.
2006 281 2082 357 ase

57 453 328 546 complectendas
350 465 385 524 et
406 452 649 522 defendendos
673 473 757 524 esse.
815 445 888 520 Nec
908 447 1034 518 dubito
1087 448 1263 542 quidquid
1283 449 1366 537 erit,
1399 463 1581 522 teneamus
1606 477 1662 524 eas
1684 454 1960 542 consolationes,
1989 479 2080 550 quae

57 555 136 642 quin
152 555 368 644 gravissimis
382 555 511 625 caussis
527 577 707 640 moveare,
731 544 1036 622 curIaachimam
1087 549 1378 624 divinitus‘nobis
1396 557 1593 646 propositae
1607 569 1699 630 sunt.
1752 555 1936 628 Faciamus
1956 561 2079 627 mode-

56 643 305 726 Camerariam
322 669 357 728 et
373 681 455 726 vere
470 681 584 740 ames,
617 647 908 743 etomnigenere
931 651 1037 722 officii
1087 667 1163 724 rate
1179 655 1336 723 osticium
1356 671 1536 742 nostrum,
1569 671 1605 728 et
1628 658 1740 728 exitus
1754 654 1832 728 Deo
1854 661 2081 730 commende-

56 759 498 832 iuvandnmessecenseas.
550 757 660 828 Vides
673 757 769 826 enim
786 757 881 848 quod
892 751 921 849 ²)
942 753 1044 822 mul*
1087 778 1186 835 mus,
1217 756 1278 848 qui
1295 771 1387 826 certe
1404 759 1557 828 servabit
1572 757 1611 827 in
1627 782 1667 828 eo
1685 772 1786 829 coetu
1803 757 2014 847 Ecclesiam,
2040 762 2079 830 in

56 861 95 930 tis
109 859 255 948 egregiis
272 861 464 936 virtutibus
480 861 659 952 praeditus
675 859 733 930 sit.
786 853 839 926 Ac
861 851 1036 948 vereut³)
1089 882 1159 950 quo
1177 871 1279 928 sonat
1300 856 1585 948 voxEvangelii,
1618 873 1657 929 ut
1680 860 1767 930 dicit
1787 861 1881 932 filius
1896 859 1982 942 Dei,
2012 855 2081 936 teir
2142 876 2145 882 '

57 965 93 1029 de
107 959 265 1030 Hierone
285 961 373 1031 dixit
387 959 583 1051 Pindarus,
616 955 763 1056 δρέπειν
788 953 905 1030 αὐτὸν
926 981 1039 1051 κορν-
1089 984 1143 1038 τις
1158 955 1287 1056 ἀγαπᾷ
1302 983 1367 1049 με,
1402 955 1595 1060 τὸνλόγον
1611 985 1688 1053 μου
1703 955 1870 1054 τηρήσει,
1903 958 1967 1034 καὶ
1989 959 2083 1057 πρὸς
2190 950 2193 963 ’

58 1057 124 1158 φὰς
138 1060 283 1155 ἀρετῶν
300 1055 372 1132 Ιἀπὸ
388 1068 540 1148 πασῶν,
567 1063 603 1132 id
626 1075 696 1147 est,
723 1055 903 1156 decerpere
916 1055 1039 1156 sasti-
1090 1056 1208 1132 αὐτὸν
1237 1055 1476 1152 ἐλευσόμεθα.
1542 1061 1601 1134 Ad
1629 1057 1692 1132 has
1720 1065 1910 1134 sententias
1942 1091 2079 1136 accom-

56 1162 132 1258 gia,
164 1172 196 1232 et
214 1158 259 1232 id
269 1159 371 1260 qaod
383 1161 422 1232 in
439 1187 660 1262 unaquaque
683 1161 812 1231 virtute
830 1153 1038 1258 pulcherrir
1089 1164 1217 1245 modo,
1231 1177 1402 1255 quantum
1418 1187 1579 1253 possum,
1595 1178 1629 1234 et
1644 1165 1793 1235 consilia
1807 1190 1902 1251 mea,
1918 1179 1952 1236 et
1969 1167 2080 1238 actio-

58 1291 146 1334 mam
171 1274 298 1338 tenere.
354 1265 427 1336 Nec
451 1262 557 1336 hodie
580 1267 671 1336 alius
702 1267 746 1334 de
774 1264 885 1333 literis
913 1261 1039 1330 melius
1090 1287 1169 1349 nes,
1200 1277 1235 1333 et
1259 1287 1299 1332 ex
1321 1259 1376 1334 his
1396 1267 1555 1336 fontibus
1572 1267 1829 1336 consolationes
1851 1281 1949 1358 peto,
1983 1269 2081 1362 quod

58 1381 219 1441 merctur.
271 1365 349 1438 Etsi
370 1367 479 1458 igitur
500 1369 571 1438 scio
589 1365 644 1436 Te
666 1382 727 1440 tuo
753 1365 885 1435 iudicio
909 1377 1039 1456 tuaque
1090 1379 1124 1437 te
1148 1389 1290 1458 quoque
1311 1367 1425 1436 facere
1449 1368 1532 1441 scio.
1592 1366 1701 1438 Mitto
1725 1367 1793 1437 tihi
1817 1370 1969 1459 pagellas
1994 1393 2081 1462 quas

58 1471 232 1540 voluntate
247 1469 367 1540 omnia
382 1485 441 1539 tua
457 1470 570 1540 officia
587 1469 786 1538 delaturum
803 1489 895 1551 esse,
919 1479 1039 1536 tamen
1090 1467 1242 1560 petiisti,
1283 1467 1344 1536 sed
1370 1471 1537 1538 mendose
1562 1469 1685 1544 editas.
1741 1466 1839 1539 Bene
1871 1485 1906 1541 et
1934 1471 2084 1542 feliciter

59 1585 87 1640 te
109 1595 192 1655 oro,
215 1583 256 1639 ut
276 1565 341 1640 hac
367 1571 404 1639 in
427 1595 466 1640 re
491 1586 523 1641 et
543 1569 816 1659 Rempnblicam
845 1569 957 1660 ipsam
982 1567 1040 1634 in-

59 1687 190 1758 tueare,
222 1685 257 1742 et
281 1685 426 1763 propter
450 1695 526 1742 eam
541 1686 700 1742 amanter
717 1671 867 1762 excipias
884 1661 1039 1738 Icarii-

58 1797 168 1855 mam,
199 1787 236 1842 et
250 1773 425 1842 adiunctis
439 1774 575 1866 aliquot
588 1769 781 1866 Equitibus
797 1771 1041 1842 Wiirtzebur-

59 1897 132 1964 gum
152 1874 344 1947 comiteris.
411 1873 488 1946 Scis
511 1877 606 1944 unde
628 1875 672 1944 sit
696 1873 728 1942 ci
750 1873 967 1965 periculum,
1006 1883 1042 1939 ct

60 1991 225 2070 quantum
250 1989 285 2044 et
308 1999 413 2067 quam
437 1975 619 2049 iniustum.
679 1973 763 2044 ldeo
789 1977 832 2044 de
854 1970 921 2044 hoc
937 1971 1040 2043 amici

61 2078 131 2146 viri
153 2077 282 2168 optimi
303 2075 431 2147 itinere
451 2077 554 2148 valde
576 2101 653 2146 snm
678 2076 869 2160 sollicitus,
904 2099 943 2146 ac
966 2074 1058 2166 pri-f⁴
1092 2101 1160 2173 No·
1174 2101 1286 2172 2912⁸
1355 2095 1357 2098 ·

62 2203 148 2248 mum
174 2203 240 2248 oro
261 2175 377 2248 Deum
403 2191 585 2248 aeternum
602 2177 742 2248 Patrem
759 2169 908 2247 Domitii
929 2174 1042 2246 nostri
1099 2197 1271 2228 Μ

63 2279 131 2349 lesu
155 2275 312 2364 Christi,
346 2295 386 2351 ut
418 2304 499 2348 enm
531 2294 662 2364 servet,
699 2280 828 2348 deinde
860 2277 1043 2368 Principes

66 2380 159 2450 l'iros
174 2383 213 2450 si.
225 2404 360 2472 possem
375 2383 416 2450 arl
435 2405 514 2450 cum
530 2383 703 2451 tuendum
718 2377 851 2452 hortari
867 2404 1044 2467 cuperem.

65 2480 150 2553 Bene
168 2497 203 2554 et
218 2483 369 2582 feliciter
381 2483 482 2596 vale,
508 2483 566 2552 dic
582 2481 645 2556 lx.
661 2477 797 2575 Aprilis
814 2478 962 2580 (1544).

68 2898 123 2973 No.
136 2901 208 2974 291
221 2903 252 2972 l.

73 2998 235 3027 w

744 2901 822 2982 (iere
836 2902 866 2962 d.
885 2905 941 2968 11.
953 2899 1048 2982 Ape.)

770 2995 1037 3034 w

333 3083 480 3166 loacte.
513 3077 773 3170 Camerario.

127 3257 211 3329 Epist.
225 3256 260 3313 sd
275 3256 411 3313 Cametas.
427 3275 456 3330 p.
468 3256 521 3310 488
533 3275 575 3329 eq.
596 3253 649 3326 (ed.
664 3254 753 3312 Lone.
768 3255 816 3314 lib.
828 3255 878 3313 lV.
894 3273 935 3328 ep.
949 3253 1030 3322 διὰ).

72 3401 287 3487 Clarissimo
310 3411 387 3483 viro
411 3409 613 3484 eruditione
637 3423 669 3484 et
694 3413 822 3484 virtute
842 3420 1051 3512 praestante

72 3511 309 3587 Inachimo
341 3508 612 3586 Camerario
641 3510 885 3611 Pabergensi,
932 3516 1052 3584 amico

316 3625 348 3686 et
357 3616 485 3716 sratri
499 3641 568 3688 sao
584 3616 796 3700 carissimo,

71 3726 108 3817 S.
131 3748 176 3824 D.
230 3747 319 3819 Misi
339 3750 405 3820 tibi
428 3751 612 3842 epistolam
634 3753 678 3820 ad
695 3743 934 3818 Meliboeam
949 3771 1053 3840 prae-

72 3849 189 3921 lectum
222 3849 507 3942 Coburgensem,
549 3851 700 3944 simplici
733 3851 870 3935 studio,
905 3864 939 3920 et
972 3871 1053 3918 vere

74 3954 240 4044 scriptam,
266 3956 328 4021 sed
345 3954 462 4034 minus
478 3955 705 4038 luculentam,
730 3947 769 4022 ac
786 3953 897 4023 multo
914 3953 1054 4021 tennio-

75 4077 157 4140 rcm‚
183 4079 292 4147 quam
310 4055 447 4124 mittere
462 4056 658 4146 cupiebam.
700 4052 837 4124 Eodem
854 4054 948 4122 enim
965 4069 1054 4122 tem-

75 4177 150 4243 pore
173 4157 281 4225 nubis
305 4153 458 4228 αὐλικόν
483 4151 625 4250 ζήτημα
640 4157 861 4249 propositum
876 4170 966 4225 erat:
1006 4155 1054 4223 si-

75 4258 247 4342 gnificabis
265 4257 373 4345 igitur
390 4283 441 4326 an
452 4259 633 4350 acceperis.

166 4359 269 4446 Quae
294 4375 414 4429 narrat
437 4375 551 4431 vester
575 4363 785 4450 praelectus,
829 4384 870 4430 ex
894 4381 1055 4428 sermone

76 4481 146 4526 cnm
167 4455 373 4530 Macedone
400 4456 522 4532 habito
545 4457 697 4557 Spirae,
738 4466 882 4533 fortasse
905 4461 1055 4530 sciemus

77 4555 341 4656 ἀκριβέστερον.
404 4561 616 4656 Quanquam
646 4578 764 4634 autom
791 4586 890 4634 arma
919 4582 1056 4652 semper

78 4666 198 4748 metui,
241 4677 359 4732 tarnen
376 4665 485 4754 {saepe
506 4665 651 4735 recitavi
674 4667 763 4736 illud
788 4661 935 4736 Periclis
962 4667 1055 4734 inter

80 4763 217 4848 amicos,
263 4789 389 4858 meque
416 4766 464 4835 sic
490 4767 653 4836 allectum
681 4791 754 4838 esse
784 4765 941 4852 ostendi,
987 4763 1054 4832 scis

80 4863 163 4932 enim
185 4861 273 4936 haec
295 4889 367 4936 esse
392 4868 497 4937 verba
521 4867 666 4940 Periclis
689 4865 727 4936 in
751 4867 820 4936 fine
840 4866 946 4958 primi
971 4865 1054 4935 timi

81 4958 310 5060 Thucydidis,
335 4971 478 5058 μᾶλλον
492 4961 708 5062 πεφόβημαι
720 4961 787 5050 τὰς
801 4963 934 5048 οἰκείας
947 4961 1056 5061 ἡμῶν

83 5057 254 5164 ἁμαρτίας
261 5121 273 5154 ,
306 5063 330 5160 ἦ
352 5065 418 5148 τὰς
441 5074 517 5144 τῶν
539 5065 721 5156 ἐναντίων
743 5065 920 5151 διανοίας.
974 5071 1057 5156 Sed,

88 5251 284 5269 ,αθ-ιι...-

113 5360 137 5427 2)
157 5359 229 5416 Cam.
244 5381 340 5432 quam.

112 5439 137 5511 i)
155 5454 186 5497 at
197 5447 271 5502 abest
285 5447 311 5502 iu
326 5445 390 5502 edit.
403 5445 511 5504 Camers
529 5490 535 5508 .

1091 1569 1169 1638 vale
1184 1591 1264 1638 cum
1278 1563 1462 1641 honestiss.
1478 1571 1626 1663 coniuge
1641 1584 1675 1642 et
1690 1569 1831 1644 dulciss.
1845 1572 1978 1646 liberis.

1645 1713 1836 1812 Philippus
1856 1715 2032 1794 Melanth.

1096 1941 2090 1976 ...m-...mm

1405 2298 1514 2387 Ctn'l.
1546 2297 1787 2389 Goldetein.

1165 2478 1186 2543 ·1·
1204 2474 1242 2528 Er
1257 2493 1350 2548 apogr.
1364 2475 1393 2530 in
1407 2477 1470 2533 cod.
1483 2476 1569 2534 Paris.
1582 2477 1621 2536 D.
1633 2477 1665 2536 Β.
1678 2477 1738 2534 54³.
1828 2547 1833 2558 Ι

1099 2623 1323 2706 Clarissimo
1344 2633 1438 2722 ciro,
1461 2632 1664 2708 eruditione
1680 2646 1713 2709 et
1729 2609 1858 2707 cirtnte
1868 2636 2090 2734 praestanti,

1140 2733 1195 2808 D.
1214 2727 1447 2808 Chiliano
1474 2731 1754 2829 Goldstein,
1780 2735 1922 2810 doctori
1933 2735 2048 2828 Iuris,

1487 2839 1607 2911 amico
1628 2865 1706 2917 sno.

1098 2948 1143 3041 S.
1169 2967 1214 3046 D.
1263 2967 1353 3042 Eam
1369 2971 1588 3058 orationem,
1614 2997 1720 3066 quam
1735 2968 1861 3044 habuit
1874 2965 2091 3044 Laterensis

1100 3071 1253 3165 Lipsiae,
1269 3099 1350 3146 cum
1363 3073 1633 3145 renunciaretur
1645 3077 1770 3145 doctor
1778 3066 1828 3171 *),
1843 3076 1956 3146 edidit
1972 3090 2091 3146 noster

1100 3169 1384 3262 Ioachimas,'ac
1398 3177 1438 3244 in
1455 3176 1524 3244 fine
1540 3176 1734 3248 versiculos
1750 3176 1972 3246 dulcissimos
1988 3179 2092 3246 addi-

1102 3279 1165 3364 dit,
1181 3279 1311 3372 quibus
1325 3278 1482 3348 reddidit
1490 3275 1686 3348 Psalmum:
1709 3275 1801 3348 Ecce
1819 3303 1925 3372 qnam
1943 3279 2090 3352 honum.

1101 3378 1274 3472 Exempla
1286 3379 1427 3472 Lipsica
1443 3379 1473 3448 si
1490 3373 1703 3462 habuissem,
1729 3379 1797 3450 tihi
1812 3380 2006 3466 mitterem,
2030 3382 2091 3450 sed

1103 3483 1258 3569 curabo,
1296 3495 1338 3552 nt
1361 3480 1465 3550 amici
1490 3503 1509 3548 e
1532 3477 1654 3574 Lipsia
1671 3483 1717 3551 acl
1738 3495 1772 3551 te
1795 3481 1948 3556 mittant.
2012 3477 2090 3572 Ego

1104 3585 1240 3654 interea
1255 3605 1377 3652 versus
1394 3583 1459 3652 tibi
1473 3583 1660 3674 descripsi,
1694 3595 1729 3652 et
1748 3583 1791 3652 ad
1810 3583 1957 3652 verbum
1975 3605 2092 3672 grana

1104 3685 1228 3756 matice
1245 3685 1495 3774 interpretatus
1510 3707 1600 3752 sum.
1652 3681 1750 3772 Quid
1773 3683 1869 3752 enim
1889 3683 2013 3754 utilius
2029 3697 2093 3770 est,

1105 3811 1209 3881 quam
1224 3810 1289 3856 nos
1305 3807 1447 3866 omnes,
1480 3785 1543 3879 qui
1562 3785 1598 3852 ln
1616 3785 1733 3880 aliqua
1750 3799 1849 3877 parte
1864 3786 2093 3876 gubernatio-

1105 3889 1160 3958 nis
1175 3887 1267 3956 vitae
1291 3911 1488 3972 versamur,
1521 3887 1674 3974 cogitare
1699 3883 1762 3956 has
1784 3889 1991 3956 concordiae
2014 3887 2094 3956 lau-

1105 3994 1185 4072 des,
1229 4013 1268 4058 ac
1298 3987 1653 4072 inducere‘animos,
1693 4001 1734 4058 ut
1763 4011 1839 4055 eam
1867 3988 2093 4058 mediocriter

1106 4089 1292 4164 tueamur?
1317 4087 1399 4158 Scio
1413 4087 1477 4156 tibi
1489 4088 1660 4178 voluptati
1672 4089 1747 4156 sore
1762 4087 1949 4157 lectionem
1962 4083 2093 4159 horum

1105 4193 1375 4277 versiculorum,
1400 4190 1479 4259 ideo
1495 4189 1577 4258 dedi
1590 4213 1668 4260 meo
1682 4211 1830 4278 genero,
1855 4205 1892 4260 ut
1909 4191 1975 4260 tibi
1992 4183 2094 4260 exhi-

1106 4299 1214 4367 heret.
1266 4291 1363 4362 Bene
1387 4292 1477 4362 vale.
1526 4288 1593 4359 Die
1615 4287 1777 4360 Pascatos
1798 4291 1893 4360 anni
1913 4283 2093 4385 1544*'),
2177 4297 2179 4304 ’

1107 4423 1126 4466 a
1142 4397 1257 4488 primo
1276 4409 1428 4486 pascate,
1455 4394 1549 4486 quod
1567 4392 1781 4462 celebratum
1798 4406 1865 4478 est,
1888 4394 2093 4464 discessuris

1108 4497 1279 4569 Israelitis
1297 4522 1337 4566 ex
1356 4493 1533 4588 Aegypto,
1561 4518 1656 4564 anno
1676 4490 1786 4569 3055.

1842 4621 2042 4720 Philippus.

1142 4951 1171 5022 ²¹²)
1190 4951 1297 5006 Doctor
1330 4949 1504 5004 renunciatus
1536 4956 1575 5000 sst
1601 4944 1769 5000 Bernhardas
1798 4942 1905 5024 Zieplpr
1935 4942 2038 5012 lipsiae
2069 4941 2097 4997 d.
2195 4965 2198 4975 ι

1176 5019 1203 5073 4.
1217 5021 1306 5092 April.
1318 5019 1401 5089 l5it,
1415 5029 1444 5070 ut
1458 5015 1619 5086 intelligitur
1634 5035 1663 5068 ex
1680 5013 1738 5091 eins
1751 5012 1999 5092 proposrtsonibas.
2017 5029 2094 5081 quas,

1177 5089 1277 5160 quippe
1290 5108 1304 5142 s
1318 5089 1492 5141 Melanthone
1506 5087 1633 5155 scriptas,
1650 5101 1699 5136 suo
1712 5081 1774 5136 loco
1787 5081 1921 5132 dabamus.

1143 5174 1190 5246 **)
1211 5175 1274 5229 Νοιι
1289 5175 1381 5238 tosa,
1407 5171 1452 5225 secl
1467 5187 1542 5224 anno
1557 5167 1632 5229 1544.
1648 5167 1807 5238 seriptsest.
1845 5161 1932 5217 Etiam
1947 5163 2094 5247 inscriptis

1179 5245 1252 5366 ιι
1267 5229 1916 5363 *saetaeraeces’aaa
1929 5231 2095 5370 :aaran

1179 5327 1334 5434 ppnphpanem
1355 5387 1401 5432 sut
1418 5373 1463 5428 laic
1478 5376 1576 5443 „anni
1595 5372 1685 5426 ΜΨ
1704 5387 1760 5423 non
1779 5367 1936 5438 scripsisse,
1956 5338 2094 5422 sut’anno
2129 5409 2132 5416 .

1177 5461 1238 5505 ente
1252 5465 1394 5502 numerum
1407 5442 1485 5496 8055.

1413 5513 1497 5588 23*
