4704 5804
196 207 292 320 aaa
597 295 600 303 ,
778 209 1217 292 ur1sronaauu
1268 207 1375 281 nra.
1403 203 1469 280 tx.
1519 198 1654 276 1545.

195 430 238 488 nt
259 423 374 484 servet
395 403 558 477 ecelesiae
578 421 660 470 suae
683 392 890 476 seminaria,
922 389 1017 458 bona
1039 383 1192 474 ingenia,
1303 433 1310 452 .
1433 430 1442 449 .

199 528 234 590 et
248 527 323 585 nott
338 512 430 581 sinat
447 503 604 592 extingui
618 503 733 571 lucem
748 494 940 566 doctrinae.
978 487 1088 560 ·Bene
1104 485 1194 557 vale.

199 615 236 693 ὅ.
251 614 441 688 Novembr.
461 603 569 678 tata.

1251 891 1412 970 Clarias.
1431 891 1528 975 viro,
1556 889 1702 984 egregio
1722 883 1924 959 eruditione
1940 895 1972 955 et
1986 883 2120 981 pietate
2136 899 2250 976 proe-

1193 1033 1200 1050 ·
1252 995 1388 1076 stanti,
1429 991 1483 1064 D.
1518 990 1696 1060 Ioanni
1725 984 2129 1084 Spangenbergio,
2175 1003 2251 1076 po-

1253 1101 1348 1172 sluri
1364 1093 1552 1166 Ecclesiae
1566 1086 1856 1170 Namusam,
1888 1085 2038 1159 domino
2062 1107 2106 1152 oc
2130 1077 2253 1150 antico

1569 1233 1575 1240 κ
1598 1217 1666 1262 suo
1684 1187 1907 1272 venerando,

1255 1305 1301 1396 S·
1323 1326 1368 1399 D.
1420 1325 1527 1395 Mitto
1548 1325 1615 1394 tibi
1636 1319 1868 1415 epistolam*)
1886 1320 2115 1392 illustrissimi
2129 1313 2254 1388 Ducis

1257 1422 1455 1512 Prussiae,
1495 1425 1634 1518 inqua
1664 1438 1699 1494 te
1727 1426 1771 1492 ad
1797 1423 2090 1514 gubernationem
2112 1415 2255 1489 scholae

207 1514 373 1594 Mam
400 1500 655 1584 Cl‘ldssliffi
679 1487 1088 1596 dubmamixhdam
1108 1485 1207 1562 Tm*
1258 1555 1379 1600 recens
1401 1529 1609 1598 constitutae
1633 1527 1770 1597 invitat.
1822 1524 1991 1594 Arbitror
2014 1524 2255 1590 enimdocto-

628 1627 784 1700 dmum·
1259 1635 1308 1701 ris
1330 1631 1458 1700 medici
1480 1627 1740 1721 praedicatione
1762 1643 1795 1696 te
1818 1627 1850 1694 ei
1868 1627 2149 1696 commendatum
2168 1645 2254 1694 esse.

209 1733 254 1824 S.
279 1747 326 1824 D.
378 1743 597 1831 Magnopere
613 1749 646 1806 te
661 1759 745 1820 oro,
771 1727 975 1825 charissime
989 1721 1142 1806 Marce,
1168 1737 1210 1794 ut
1260 1733 1308 1804 Et
1331 1734 1487 1825 prolecto
1510 1743 1570 1799 tua
1596 1729 1708 1797 virtus
1730 1729 1837 1818 digna
1862 1741 1912 1796 est
1935 1727 2055 1795 favore
2074 1721 2254 1793 bonorum

210 1853 300 1926 boni
327 1847 512 1926 eonsules,
555 1839 650 1932 quod
681 1836 816 1906 tardius
843 1833 1051 1921 respondeo·
1118 1826 1209 1896 Nam
1261 1836 1475 1930 prirreipum.
1527 1827 1606 1900 Etsi
1630 1831 1784 1899 arbitror
1806 1844 1838 1898 te
1862 1829 1939 1898 istic
1962 1829 2005 1895 ab
2022 1823 2178 1896 Ecclesia
2196 1849 2255 1892 re-

219 1979 301 2026 eum
326 1951 472 2030 scirem,
514 1943 602 2011 istuc
626 1939 872 2007 adducendum
899 1955 971 2000 esse
994 1927 1211 1998 1111111110Ιᾶ-
1261 1936 1385 2019 tineri,
1420 1955 1510 2027 quae
1534 1943 1637 2000 antea
1662 1933 1766 2001 etiam
1791 1927 2257 2020 migrationem'breviorem

209 2055 344 2131 rissimi
369 2049 439 2118 viri
463 2029 889 2118 dnocrorisBlicardi,
922 2031 1108 2114 ⁰⁰¹¹Slllt¹l‚
1141 2029 1220 2121 ipsi
1259 2041 1446 2129 deprecata
1471 2047 1540 2103 est:
1582 2047 1700 2102 tamen
1722 2033 1841 2102 literas
1863 2031 1962 2114 misi,
2003 2041 2045 2099 ut
2069 2028 2257 2110 deliberes,

211 2162 334 2231 literas
352 2153 499 2222 tradere·
547 2139 777 2236 ,aspamam
796 2131 1070 2230 Pr²⁰0PD0¹1ffl2
1096 2145 1212 2200 ‘'teler-
1261 2140 1348 2232 quid
1366 2161 1408 2206 ex
1425 2159 1463 2206 re
1480 2149 1541 2206 tua
1558 2157 1632 2204 esse
1648 2137 1771 2204 dracas:
1807 2159 1847 2203 ae
1870 2127 1959 2201 mihi
1981 2155 2043 2223 per
2067 2131 2256 2199 fortuitum

211 2283 300 2332 num
327 2255 465 2326 Patrem
488 2245 562 2318 Dn.
592 2243 706 2312 nostri
733 2241 810 2335 lesu
831 2233 984 2308 Christi:
1025 2249 1066 2304 ut
1095 2232 1210 2303 studia
1262 2239 1487 2310 tabellarium
1519 2260 1625 2330 quam
1657 2236 1809 2326 primum
1840 2234 1991 2326 poteris,
2032 2232 2257 2322 respondeas.

213 2365 272 2458 pia
294 2373 329 2428 et
351 2351 528 2426 Ecclesiae
553 2345 747 2414 necessaria
773 2352 948 2432 protegat,
989 2351 1022 2405 el
1045 2337 1213 2404 iuventu—
1265 2339 1434 2431 Princeps
1456 2339 1533 2408 vult
1557 2361 1612 2406 me
1634 2331 1850 2408 hortatorem
1867 2359 1940 2405 esse
1956 2333 2170 2424 suscipiendi
2187 2327 2259 2401 hu-

214 2479 287 2536 tem
302 2473 408 2548 regat.
456 2447 701 2524 Serretetiam
718 2441 1096 2514 huueadoleseentem.
1139 2434 1232 2504 Nec'
1263 2445 1319 2512 ius
1341 2441 1519 2524 muneris,
1554 2453 1589 2509 et
1611 2439 1764 2530 optarim
1789 2439 1821 2506 ei
1842 2433 1982 2506 scholae
2003 2437 2093 2504 beue
2113 2435 2259 2504 consul·
2347 2461 2348 2482 1

214 2587 301 2636 vero
324 2558 471 2638 dubito.
511 2551 600 2644 ‘tuln
622 2571 686 2639 Pr⁰
709 2560 768 2616 lua
795 2545 863 2613 fide
886 2555 920 2609 θῐ
942 2542 1091 2620 Virtute,
1131 2551 1212 2607 lass-
1263 2559 1351 2616 tum.
1408 2542 1481 2615 Sed
1503 2555 1562 2612 tua
1587 2556 1680 2610 aetas
1704 2553 1737 2608 et
1760 2539 1894 2608 familia
1919 2537 2005 2630 quid
2028 2539 2119 2606 serre
2141 2547 2259 2628 queat,

216 2659 326 2760 qnam
340 2660 463 2741 Pater,
497 2653 753 2724 adolescentem
772 2646 1031 2736 gubernaturus
1046 2641 1093 2708 sis
1115 2661 1212 2710 111111·
1263 2646 1460 2716 considero.
1520 2643 1611 2712 ¹'l'ibi
1634 2643 1743 2732 igitur
1767 2641 2057 2711 deliberationem
2083 2638 2258 2725 integram

152 2775 158 2784 ’
215 2762 481 2843 maronitae,
514 2768 634 2824 lmen
658 2745 995 2819 ‘lpfllflslwmine
1019 2741 1211 2812 ‘initote
1262 2748 1445 2840 relinquo:
1472 2759 1576 2838 teque
1591 2769 1654 2813 oro
1673 2757 1711 2812 ut
1727 2743 1897 2811 rescribas
1912 2740 2090 2830 principi,
2115 2763 2154 2810 as
2169 2731 2260 2805 mihi
2347 2785 2348 2820 2

215 2869 395 2940 orandum
419 2882 491 2930 esse
513 2855 616 2926 duxi:
659 2864 699 2922 ut
724 2865 805 2920 tuae
834 2847 991 2917 familiae
1021 2843 1213 2931 adiungere
1263 2851 1384 2919 literas
1408 2847 1545 2931 mittas,
1584 2846 1761 2938 simulque
1786 2857 1883 2913 tuam
1907 2843 2118 2911 sententiam
2147 2837 2262 2929 signi-

220 2993 302 3041 eum
319 2967 423 3048 velis,
456 2973 489 3030 et
507 2949 703 3050 provehere
718 2951 901 3041 ingenium
917 2951 961 3018 ad
981 2949 1163 3015 literarum
1179 2951 1214 3011 et
1263 2953 1355 3024 ficas,
1407 2948 1567 3021 Salutem
1588 2959 1673 3040 opto
1696 2947 1848 3034 collegae
1873 2959 1934 3014 ruo
1951 2938 2129 3027 Antonio,
2159 2941 2262 3010 cuine

217 3071 359 3174 pietptis
376 3061 642 3154 ¹cognitionem·
710 3051 850 3136 Iudico,
889 3051 1046 3119 indolem
1082 3045 1212 3116 bonam
1265 3053 1448 3122 silentium
1462 3061 1672 3142 perpetuum
1689 3048 1811 3120 miror.
1863 3044 2107 3130 Bene'valete,
2134 3039 2262 3116 7.No·
2347 3065 2348 3138 ᾗ

219 3198 309 3258 esse,
349 3183 383 3239 et
414 3164 576 3236 docilem.
638 3153 798 3227 Aetatem
822 3177 906 3222 vero
934 3153 1031 3219 vides
1055 3161 1213 3218 teneram
1264 3155 1431 3226 vmbris,

220 3297 311 3359 esse,
343 3291 450 3363 quam
464 3265 531 3333 scis
548 3259 710 3330 comitate
727 3255 900 3324 sermonis
916 3250 1212 3322 assuefaciendam

222 3400 307 3447 esse.
373 3370 459 3440 Fuit
488 3357 580 3432 mihi
611 3383 691 3428 eum
724 3356 829 3425 Patre
863 3355 1017 3422 amicitia
1046 3375 1137 3442 pene
1168 3350 1213 3418 ab

221 3477 407 3567 utriusque
422 3464 591 3558 pueritia,
621 3461 837 3528 constans'et
852 3455 928 3524 sine
946 3453 1215 3540 offensionibus,
1266 3487 1320 3561 No
1348 3481 1449 3560 2795
1527 3487 1531 3498 ·
2114 3483 2236 3556 BN&
2347 3451 2348 3480 a

223 3603 293 3676 qua
310 3601 349 3645 ex
365 3599 402 3643 re
418 3569 534 3640 Patris
551 3562 756 3654 gravitatem
777 3558 961 3628 aestimare
974 3553 1117 3646 poteris.
1167 3549 1216 3622 Et
1273 3542 1461 3618 ...ἕψε-α’
2092 3567 2266 3604 m

222 3683 389 3773 pietatem
423 3683 534 3751 amat,
578 3677 612 3731 et
649 3661 731 3730 usui
768 3657 820 3731 est
858 3654 941 3728 huic
974 3654 1216 3748 Reipublicae.
1574 3663 1677 3756 Viro
1712 3645 1949 3754 sseodoro.

225 3783 345 3870 Quare
369 3789 404 3844 et
427 3795 489 3861 ego
510 3769 543 3835 ei
563 3763 696 3856 optime
719 3763 822 3845 volo,
856 3775 890 3829 et
913 3773 1016 3849 opto,
1049 3771 1089 3826 ut
1112 3755 1215 3825 liberi

225 3885 395 3953 lloreant:
434 3888 468 3944 te
495 3890 635 3964 quoque
663 3864 740 3933 viro
763 3865 828 3932 tali
852 3864 1005 3932 libenter
1029 3857 1218 3950 gratificari
1269 3895 1275 3902 ·
1339 3849 1593 3910 Buteo-sarbota
1613 3845 2133 3988 ῑῡ1111ῠῶψὲὁὲὶἱῑίῐῖὧξὲξζέξᾶ
2151 3843 2268 3968 mig·

226 4007 301 4054 non
325 3978 462 4051 dubito.
526 3967 575 4042 Et
598 3967 851 4059 gratitudinem
880 3987 979 4034 suam
1008 3962 1076 4034 tibi
1102 3960 1219 4032 decla·
1347 4055 1350 4062 ,
1373 3917 1774 4058 ffl0222⁰1v¹p2¹3¹7⁵¹9·⁴⁷⁶·

226 4085 331 4156 rabit.

328 4209 382 4280 De
399 4205 610 4277 Dialecticae
632 4199 805 4269 exercitiis
832 4197 870 4264 in
896 4189 1025 4280 Schola
1048 4207 1107 4260 tua
1131 4185 1221 4256 mihi

229 4317 358 4408 placet:
397 4323 437 4378 ut
460 4303 682 4374 auditoribus
706 4312 782 4368 eam
806 4317 993 4388 proponas.
1053 4289 1100 4360 Et
1122 4289 1223 4370 velle,
1491 4243 1662 4316 Efflffll'
1679 4239 1964 4337 N⁰fibefdffl⁸iv
1991 4249 2052 4314 αὖ·

230 4413 408 4488 assuefieri
431 4410 647 4478 iuventutem
671 4401 715 4468 ad
733 4401 840 4468 unius
857 4395 941 4464 libri
957 4393 1105 4482 regulas.
1157 4388 1224 4456 Vi·
1272 4365 1357 4451 Nos
1381 4403 1464 4449 vero
1486 4367 1667 4447 Garatom
1696 4399 1771 4445 non
1794 4399 1947 4460 cessare,
1984 4375 2167 4460 audimus,
2208 4376 2274 4444 sed
2347 4427 2348 4446 .

231 4523 293 4590 des
311 4515 424 4596 enim,
457 4507 623 4576 varietate
648 4500 814 4590 impediri
832 4501 1013 4566 discentes.
1064 4487 1142 4560 Etsi
1160 4513 1225 4560 au·
1274 4505 1396 4551 recens
1416 4479 1568 4572 potitum
1591 4481 1723 4572 oppido
1746 4471 1987 4547 Landersclri
2008 4479 2046 4547 in
2069 4469 2275 4546 Picardiag

228 4599 304 4710 'tem
320 4615 446 4706 cuique
463 4611 615 4679 liberum
633 4603 814 4692 relinquo,
849 4599 903 4668 uti
920 4610 1060 4677 autore,
1091 4615 1162 4685 quo
1178 4591 1225 4658 li·
1276 4583 1424 4665 linibus,
1456 4583 1495 4648 in
1519 4584 1615 4674 quod
1640 4585 1872 4649 traduxerunt
1890 4577 1989 4649 Galli
2012 4579 2121 4651 multa
2144 4579 2276 4646 bellica

233 4725 309 4804 bet,
343 4732 460 4788 tamen
486 4731 582 4778 nunc
606 4704 736 4774 reeudo
758 4724 876 4768 meum
899 4698 1084 4776 libellum,
1122 4693 1226 4761 reda·
1277 4697 1470 4764 tormenta,
1496 4683 1615 4762 aiunt,
1641 4681 1693 4749 ibi
1710 4693 1743 4750 et
1759 4681 1997 4770 praesidium,
2032 4681 2172 4774 aliquot
2189 4679 2279 4748 mil-
2347 4723 2348 4728 κ

235 4811 625 4898 etuminErotemata‚
653 4798 1227 4891 e‘tregulaspluresquamantea,
1278 4783 1325 4850 lia
1356 4781 1523 4852 ltalorum
1559 4796 1593 4852 et
1621 4779 1809 4851 Gallorum
1841 4783 2024 4851 interfecta
2057 4805 2142 4850 esse.
2202 4779 2281 4852 sed

233 4927 294 4998 sed
317 4917 517 4994 breviores,
562 4929 667 5002 quem
689 4927 768 4974 curn
792 4898 943 4981 videris,
987 4908 1133 4978 statues,
1182 4915 1227 4959 an
1278 4880 1363 4952 haee
1386 4881 1512 4950 melius
1535 4881 1603 4950 iam
1628 4883 1702 4971 ipse
1723 4883 1818 4950 nosti
1832 4879 1869 4972 ¹).
1922 4881 2166 4973 Agnoscamus
2187 4875 2279 4952 haec

234 5017 413 5100 Caesarei
441 5017 535 5084 libro
559 5022 620 5080 aut
640 5029 718 5076 meo
742 5003 794 5072 uti
818 4999 933 5069 malis.
991 4990 1088 5063 Mihi
1115 4993 1229 5083 placet
1279 4984 1371 5052 bella
1386 4983 1508 5052 fatales
1521 4983 1797 5074 mundipoenas
1812 5006 1902 5068 esse,
1936 4997 1973 5055 et
1993 4983 2109 5055 Deum
2132 5009 2281 5054 oremus

237 5117 416 5200 Caesarei
435 5113 644 5194 Dialectiea,
680 5107 760 5200 quia
786 5102 947 5172 omnium
970 5093 1228 5186 simplicissima
1251 5095 1252 5098 ’

237 5247 300 5324 est.
352 5225 450 5298 Bene
468 5219 554 5290 vale.
605 5209 672 5283 Die
691 5211 725 5282 7,
743 5201 916 5274 Novemb.
938 5193 1048 5268 1543.

454 5325 456 5332 ,
690 5379 695 5394 ·
748 5333 938 5426 Philippus
955 5321 1180 5400 Melanthea.
1317 5345 1344 5408 1)
1363 5337 1505 5394 sertam
1518 5347 1568 5393 oc.
1582 5356 1637 5391 non
1651 5337 1910 5407 terraturium
1925 5337 1990 5396 tae
2002 5341 2051 5397 vr,

1314 5258 1344 5326 ²¹¹)
1363 5255 1425 5310 Vid.
1441 5275 1483 5326 ep.
1498 5257 1529 5309 ad
1545 5255 1651 5310 Cantor.
1666 5257 1692 5310 d.
1707 5257 1731 5311 l.
1743 5257 1816 5312 Nor.

1271 4143 1325 4218 D.
1352 4141 1398 4221 V
1403 4144 1470 4214 ilo
1494 4137 1756 4227 Theodoro,
1793 4135 1936 4212 docenti
1949 4137 2204 4235 Evangelium
2229 4138 2273 4210 in
2347 4231 2348 4234 Ἴ
