4670 5806
67 219 132 300 tlt
617 211 1307 294 nr1sronanunn1n1n
1360 164 1493 292 aare
1686 313 1695 328 1
1858 163 1867 171 ’
2003 214 2085 295 550
2208 237 2211 244 -
2314 173 2315 250 l

66 407 159 466 nrum
171 387 200 463 l,
214 387 336 468 Gaea
351 403 387 463 ct
401 391 577 478 obtestor,
601 403 645 464 nt
657 415 734 463 non
756 390 888 462 alienes
902 389 1036 461 volun-
1084 404 1119 463 et
1133 385 1333 484 prophetis,
1354 383 1446 462 baec
1457 389 1634 486 colloquia
1651 391 1742 464 iacta
1757 413 1831 463 esse
1848 403 1910 464 ant
1924 399 1990 484 per
2011 414 2083 465 an·

65 493 345 570 travicticum
365 487 567 582 civitatum,
591 495 866 566 autricinorum
880 491 1031 566 Contio-
1084 494 1181 586 gelos
1198 507 1261 566 aut
1275 493 1394 588 aliqua
1410 493 1581 586 singulari
1599 494 1748 571 visione.
1805 493 1897 566 Nam
1913 495 1976 566 illa
1995 513 2082 568 ora-

64 611 224 672 moron.
275 593 336 668 Ad
358 591 555 669 Brcntr'om
584 598 720 685 scribo,
746 621 786 668 ac
812 621 895 682 oro,
918 610 960 668 nt
981 607 1036 666 te-
1085 597 1183 684 cula‚
1209 620 1299 692 quae
1315 595 1476 668 solebant
1494 589 1969 685 edideradileillinrlucis,
1987 618 2084 692 quae

63 723 128 772 cnm
147 699 338 770 amicitiam
363 695 562 771 contrahat.
615 697 666 772 Et
686 723 750 772 vos
778 698 926 770 consilia
949 721 1036 768 con·
1085 697 1276 792 effulgebat
1305 700 1521 793 epectorali
1542 699 1762 786 Sacerdotis,
1795 699 1938 770 ridetur
1968 699 2083 778 luisse

62 803 138 876 ierce
151 803 313 894 optarim.
362 800 751 875 DeConcionatoribns
764 816 903 874 vestrae
923 799 1036 884 urbis,
1084 827 1159 873 non
1174 815 1248 874 tam
1271 796 1499 899 προφητικὴ,
1525 815 1567 874 nt
1585 803 1634 874 sic
1649 825 1788 888 vocem,
1806 796 1877 872 hoc
1897 813 1970 889 est,
1995 799 2083 896 ‹poi-
2192 839 2196 848 ·

63 904 200 1000 quiante
215 900 374 1000 teibt¹³)
390 907 606 988 docuerunt,
633 905 683 978 sic
699 905 835 991 sentio,
859 917 900 974 ut
924 923 1036 996 eqams
1084 907 1152 976 bus
1172 905 1309 1000 aliquid
1331 919 1522 998 praecunte
1538 901 1607 976 Dei
1621 929 1707 976 voce
1721 905 1905 975 iuberetur
1919 915 1980 974 aut
1994 926 2084 996 μιν·

62 1006 246 1077 allatrantes
271 1030 375 1077 canes
399 1009 566 1098 praeterit
586 1007 730 1093 tacitus,
769 999 883 1112 sic¹⁴)
904 1019 938 1077 te
959 1005 1037 1074 sine
1084 1008 1301 1094 mitteretur,
1333 1031 1458 1102 qnam,
1485 1022 1528 1079 nt
1550 1007 1600 1080 sic
1616 1007 1750 1093 dicam,
1774 999 1988 1103 ducamini
2015 1027 2078 1076 seu

62 1109 121 1178 alla
135 1108 316 1179 mentione
333 1109 492 1195 ill'omm,
513 1111 589 1180 sine
603 1109 680 1181 nlla
696 1109 951 1200 significatione
964 1107 1038 1177 ira·
1085 1105 1278 1204 ἀμοιβαῖα,
1286 1133 1376 1203 quae
1393 1111 1616 1182 consulentes
1628 1124 1800 1205 tanquam
1812 1131 1980 1201 responsa
1993 1108 2085 1178 sub·

61 1209 211 1295 candiae,
236 1223 339 1282 tuum
355 1235 497 1282 cursum
511 1235 636 1303 urgere
650 1211 790 1284 debere.
840 1209 964 1280 Vincit
977 1232 1036 1278 re·
1085 1223 1328 1307 sequerentur.
1993 1223 1995 1228 ’

61 1311 288 1399 antonias,
314 1337 394 1383 cnm
410 1303 601 1385 moderate
608 1329 642 1386 et
654 1314 811 1385 dilucide
825 1333 1035 1406 proponun-
1185 1311 1241 1384 De
1262 1307 1552 1406 sanctificatione
1573 1313 1656 1386 satis
1686 1325 1832 1408 apparet
1869 1335 1910 1382 ex
1938 1307 2084 1407 Moyae,

61 1425 129 1498 tur,
154 1413 261 1487 etiam
280 1414 357 1484 sine
378 1415 481 1486 rixis:
508 1418 608 1510 quod·
626 1417 666 1486 in
681 1415 805 1486 multis
817 1415 955 1504 magnis
981 1435 1038 1481 rc·
1085 1415 1193 1487 fuisse
1210 1415 1314 1487 illum
1331 1415 1458 1502 ritum,
1483 1441 1555 1510 quo
1578 1417 1830 1487 sesecundum
1845 1415 1959 1506 legem
1974 1436 2085 1506 prae-1
2149 1411 2153 1422 “

60 1514 114 1585 tus
129 1515 364 1587 animadverti
382 1517 476 1591 licet.
534 1516 638 1588 Hanc
653 1517 848 1589 Fabianam
862 1517 1037 1586 rationem
1086 1519 1262 1612 parabant
1283 1517 1512 1589 sacrificaturi
1534 1519 1685 1590 lavacris
1714 1531 1751 1589 et
1772 1517 2007 1603 abstinentia,
2037 1527 2084 1586 ut.

60 1611 204 1704 etmihi,
229 1632 264 1690 et
284 1618 373 1704 tihi,
403 1633 437 1689 et
450 1621 618 1690 omnibus
640 1621 746 1690 nobis
766 1621 983 1713 sequendam
1004 1628 1039 1684 et
1086 1619 1216 1688 mundi
1237 1631 1369 1704 essent,
1399 1613 1468 1690 hoc
1493 1632 1563 1702 est,
1598 1633 1640 1691 nt
1658 1643 1723 1713 per
1742 1619 1855 1711 legem
1876 1618 1953 1688 illis
1968 1615 2078 1688 sacri-

59 1719 310 1790 custodiendam
327 1744 462 1794 censeo.
515 1719 624 1791 Multi
638 1722 758 1812 magni
772 1721 900 1805 morbi,
920 1717 1039 1810 inquit
1059 1809 1060 1812 Ἴ
1087 1721 1190 1790 ficare
1205 1721 1348 1806 liceret,
1373 1735 1435 1792 aut
1450 1735 1542 1792 certe
1559 1723 1666 1793 sacris
1682 1723 1862 1800 interesse,

19 1869 21 1902 2
61 1807 187 1904 Celsos,
200 1836 373 1893 curantur
388 1823 600 1892 abstinentia
617 1837 651 1896 et
667 1824 796 1917 quiete.
821 1820 909 1892 Vidi
924 1820 1037 1892 multa
1187 1820 1242 1892 De
1267 1819 1517 1921 malospiritu
1541 1823 1739 1895 aDomino
1763 1823 1958 1914 exagitante
1979 1813 2084 1890 Sana

19 1961 20 1976 2
60 1923 211 2012 exempla.
262 1921 348 1994 ldeo
365 1938 401 2000 te
426 1949 508 2008 oro,
534 1939 574 1995 ut
595 1926 816 1996 iracundiam
840 1925 974 2002 irenes,
1005 1932 1038 1988 ct
1088 1919 1158 1993 Iam
1177 1925 1336 1997 existimo
1353 1925 1613 2017 simplicissime
1635 1940 1807 1997 etvernm
1830 1947 1903 1994 esse
1920 1920 2086 2010 intellegi

19 2073 20 2076 ,
59 2021 185 2092 lenitate
207 2037 270 2094 tua
289 2026 574 2097 benevolentiam
597 2023 882 2099 Ecclesiaealas.
938 2021 1036 2094 Bene
1089 2027 1132 2096 de
1150 2051 1285 2118 poena,
1319 2023 1387 2097 hoc
1409 2041 1478 2111 est,
1513 2027 1635 2099 aDeo
1659 2029 1830 2121 puniente
1853 2025 1962 2095 inisse
1986 2017 2081 2092 hanc
2168 2051 2171 2060 ⁴

60 2125 123 2193 vale
136 2139 169 2196 et
180 2126 347 2202 rescribe.
389 2126 476 2200 Cal.
493 2124 609 2218 April.
630 2123 797 2222 1544.¹⁵)
1088 2129 1309 2200 vexationem
1322 2128 1408 2198 mali
1422 2129 1588 2221 spiritus,
1611 2155 1678 2222 pro
1691 2142 1851 2220 peccato,
1885 2126 1967 2220 quia
1990 2123 2079 2214 ipse,

433 2265 435 2270 v
453 2249 465 2258 “
503 2225 694 2322 Philippus
712 2221 987 2300 Melanchthon.
1088 2230 1214 2323 spiritu
1227 2233 1322 2300 hono
1331 2231 1430 2302 velut
1442 2245 1578 2302 rectore
1589 2231 1730 2324 repulso
1747 2244 1782 2302 et
1790 2238 2080 2313 excusso‚rneret,

1087 2334 1177 2403 sicut
1193 2357 1213 2402 a
1227 2331 1391 2404 Samuele
1409 2333 1563 2422 graviter
1577 2347 1775 2415 accusatur,
1801 2331 1898 2426 quod
1920 2327 2080 2422 proiece-

68 2453 487 2470 “·-·“·“···“·“-·”·”
930 2455 1026 2492 θ’·-
1086 2436 1135 2505 rit
1149 2457 1348 2505 sermonem
1371 2435 1520 2509 domini.
1570 2433 1673 2506 Hanc
1690 2434 1900 2504 sententiam
1924 2429 2079 2501 arbitror

397 2605 400 2612 ,
439 2605 442 2610 ,
502 2603 505 2612 ,
751 2561 756 2568 ·
1087 2533 1179 2605 nihil
1195 2531 1326 2607 hahere
1340 2537 1574 2624 incommodi,
1598 2560 1664 2606 nec
1686 2531 1843 2606 essehuc
1860 2526 2079 2602 invehendas

60 2595 241 2724 Q*
512 2673 517 2682 ·
775 2671 779 2678 ·
866 2604 1037 2724 Q
1087 2639 1221 2709 alienas
1242 2639 1498 2730 disputationes
1517 2641 1562 2708 de
1583 2659 1686 2708 causa
1710 2637 1808 2710 mali.
1857 2633 1929 2707 Sed
1948 2631 2078 2723 talibus

355 2807 363 2825 .
753 2807 761 2824 .
1087 2741 1372 2834 quaestionibus,
1397 2741 1429 2810 si
1450 2740 1617 2811 satisfieri
1632 2739 1706 2812 tibi·
1721 2739 1838 2826 voles,
1868 2736 1939 2808 alio
1965 2747 2000 2805 te
2021 2756 2079 2804 re-

237 2799 440 2918 Cruoager
463 2802 525 2892 ad
545 2802 845 2894 Maiihrswm.
940 2900 943 2908 ¹
1085 2843 1238 2916 minam.

113 2967 131 3032 a
146 2965 183 3020 Er
195 2965 355 3039 apographo
376 2966 481 3024 incod.
494 2967 607 3024 Monac.
620 2968 664 3022 89.
683 2985 731 3026 aa.
743 2967 786 3022 ιι.
800 2986 827 3039 p.
840 2965 911 3022 aab.
1186 2941 1312 3014 Habeo
1328 2941 1368 3014 in
1385 2943 1460 3012 istis
1474 2943 1600 3014 vestris
1618 2941 1791 3013 cuniculis
1800 2913 2078 3031 venarumpau-

326 3102 395 3178 Ad
414 3101 472 3178 M
558 3102 585 3177 h
653 3107 661 3126 ,
1086 3046 1185 3116 culos
1200 3047 1373 3140 quosdam
1389 3045 1690 3138 cuculos,quilrus
1705 3041 1840 3113 alendis
1855 3039 2083 3134 nescioquid.

405 3232 408 3238 ι
476 3115 548 3178 ’Ἠ
593 3131 747 3186 ΝΜ·
1085 3171 1211 3240 operae
1228 3147 1534 3239 pretiumiaciam.
1584 3144 1740 3217 Nomina
1758 3163 1978 3235 amo,·spem
2000 3165 2084 3212 nom
2131 3141 2134 3148 “

57 3214 123 3312 Pro
145 3233 349 3335 postillis*)
366 3240 433 3312 tibi
450 3241 585 3324 missis,
612 3242 694 3336 quia
712 3243 789 3312 iure
806 3233 874 3314 hoc
894 3240 1034 3314 tibide-
1084 3273 1252 3341 magnam
1266 3243 1396 3324 babeo.
1443 3247 1522 3335 Tu,
1544 3250 1687 3342 quiista
1704 3245 1895 3319 damasum
1910 3240 2077 3316 nonha-

56 3341 208 3430 bebatur,
230 3364 307 3420 non
329 3357 507 3437 crotopus
527 3345 706 3433 tce-gratias
729 3368 854 3438 agerer
876 3369 1034 3436 praeser-
1086 3355 1163 3438 bes,
1189 3352 1332 3430 docebis
1354 3375 1431 3438 me,
1455 3375 1561 3445 quam
1582 3375 1693 3444 prope
1714 3376 1735 3422 a
1758 3349 1847 3441 polo.
1864 3346 1992 3418 arctico
2013 3369 2081 3416 us-

54 3445 105 3514 tim
128 3469 209 3517 cum
232 3446 346 3518 serius
369 3445 475 3516 etiam
501 3446 625 3518 missae
646 3447 722 3516 sint
739 3471 846 3540 quam
864 3449 1033 3538 oportuit.
1085 3479 1153 3548 que
1176 3457 1220 3526 ad
1242 3455 1365 3546 polum
1388 3446 1619 3526 antarcticum
1638 3453 1793 3545 perfossa
1817 3449 1986 3532 sitvena,
2018 3447 2077 3516 cui

56 3543 113 3617 Sed
132 3543 226 3618 mihi
248 3560 346 3638 grata
368 3561 421 3618 est
441 3546 651 3638 significatio
667 3549 935 3620 benevolentiae
952 3573 1032 3640 erga
1082 3558 1165 3628 fecit
1181 3580 1313 3627 nomen
1327 3555 1446 3626 nescio
1460 3556 1540 3650 quis
1554 3548 1763 3646 Astrologus
1786 3549 2074 3633 autPalinurus3

55 3671 101 3718 ne
117 3665 219 3738 tuae,
254 3663 290 3720 et
311 3647 375 3722 abs
394 3660 429 3718 te
453 3662 554 3744 peto,
578 3662 621 3721 ut
642 3649 709 3720 tibi
729 3651 954 3742 persuadeas,
975 3676 1032 3722 me
1083 3653 1209 3728 vocant
1232 3658 1327 3727 enim
1352 3655 1486 3730 Rosam
1511 3681 1672 3743 auream,
1695 3680 1801 3752 quam
1825 3651 1953 3723 vellem
1974 3651 2075 3744 prius

55 3775 181 3846 quoqne
202 3751 358 3826 retinere
380 3753 532 3821 eundem
551 3751 712 3821 animum
733 3773 814 3841 erga
831 3748 891 3836 te,
925 3776 1032 3847 quem
1083 3774 1281 3848 argenteam
1303 3759 1391 3832 ficri.
1440 3755 1496 3830 De
1519 3755 1575 3848 bis
1600 3760 1688 3856 quid
1712 3784 1769 3829 me
1790 3777 1930 3849 sperare
1952 3751 2075 3826 iubeas

55 3851 158 3924 iudico
174 3855 325 3944 dignum
341 3875 549 3942 esseamore
565 3867 600 3924 et
614 3854 734 3924 studio
746 3854 944 3938 honorum,
967 3878 1033 3924 nec
1082 3861 1171 3932 scire
1187 3861 1304 3936 velim,
1355 3857 1454 3932 Bene
1469 3862 1559 3936 vale,
1943 3942 1944 3945 Ἴ

55 3957 264 4028 voluntatem
285 3951 356 4042 tibi
376 3955 597 4045 gratificandi
614 3951 704 4025 mihi
726 3957 863 4042 deesse,
896 3957 1032 4026 etiamsi
1274 4047 1277 4051 .
1535 4009 1542 4022 ·
1651 3955 2024 4054 CaspamsCruciger.

55 4057 193 4128 calamus
211 4071 249 4128 ct
263 4077 389 4126 manus
401 4079 476 4126 non
491 4081 628 4148 semper
642 4070 694 4128 est
709 4059 793 4129 satis
813 4058 981 4131 officiosa.

138 4157 196 4230 De
216 4158 504 4253 quaestionibus,
529 4183 617 4253 quas
634 4159 805 4251 proponis
827 4184 902 4230 non
922 4157 1031 4230 habes
1082 4203 1312 4214 -----
1390 4171 1396 4184 '

55 4281 131 4350 opus
147 4286 207 4331 me
222 4263 386 4346 doctore,
409 4273 444 4331 et
458 4259 545 4342 scis,
571 4285 627 4331 me
643 4262 683 4332 in
698 4257 766 4332 hoc
781 4283 907 4353 genere
922 4261 1031 4330 mini·
1418 4315 1420 4320 .

53 4383 100 4430 me
114 4363 295 4433 curiosum
308 4385 394 4448 esse,
419 4384 482 4432 seu
496 4375 537 4433 ut
552 4363 669 4434 verius
685 4363 817 4448 dicam,
838 4387 914 4432 non
928 4387 1033 4456 pror·
1080 4349 1147 4423 No·
1162 4353 1275 4428 2901·
1934 4359 1967 4426 4·
1980 4356 2058 4444 Apr-

54 4482 104 4531 aas
115 4465 248 4559 absque
262 4464 355 4534 vicio
378 4459 615 4554 negligentem
636 4487 720 4538 esse.
769 4462 825 4535 De
850 4461 1033 4563 colloquio
1087 4449 1260 4478 ἠ’
1904 4450 2070 4477 Μ

54 4557 121 4634 1)ιί
134 4592 216 4665 cum
229 4565 396 4638 Samuele
409 4565 589 4654 existimo,
619 4579 661 4639 ut
681 4590 761 4638 cnm
782 4567 861 4638 aliis
873 4569 1033 4660 patribus
1151 4641 1155 4648 ,
1414 4549 1460 4638 V
1457 4613 1469 4636 .
1503 4551 1741 4638 Theodora

1153 4708 1240 4780 Epist.
1261 4709 1415 4782 tit.1v.p.
1438 4712 1490 4769 1⁹0
1505 4731 1546 4786 sq.
1569 4743 1606 4758 -
1655 4713 1709 4771 llic
1727 4731 1757 4769 cr
1778 4691 1946 4789 rotognpbo
1963 4716 1993 4771 in
2013 4717 2074 4772 cod.

1081 4807 1091 4814 ·
1187 4781 1298 4836 Manae.
1312 4780 1332 4836 l.
1344 4801 1372 4854 p.
1386 4781 1446 4836 587.

82 4874 122 4938 13)
140 4875 177 4930 idi
192 4873 293 4930 ibesta
308 4875 374 4930 Per.
472 4907 480 4918 ·
1193 4906 1196 4910 ·

84 4961 123 5025 ιι)
140 4961 205 5016 pez.
225 4965 273 5017 aaa.
1084 4939 1138 5049 D.
1165 4935 1212 5017 V
1216 4937 1279 5012 ito
1304 4935 1568 5026 Theodoro,
1596 4937 1739 5014 docenti
1756 4939 1906 5040 Evong.
1932 4943 1972 5014 in
1994 4937 2075 5015 Ec-

83 5047 123 5114 ta)
141 5051 252 5102 annun
265 5067 322 5102 non
335 5048 416 5103 heau
430 5048 495 5105 aaa
1433 5043 1515 5116 clas.
1535 5039 1734 5142 Noribcrg.

84 5129 213 5201 nnana
227 5131 308 5186 dubie
322 5143 376 5188 ectr
401 5134 465 5204 „tte
484 5129 706 5213 acngrgntdtctc
725 5133 928 5200 &inhorrentia
947 5135 1035 5191 titcrt.
1085 5155 1119 5246 S
1319 5179 1328 5196 .
1677 5179 1685 5198 .
1790 5179 1802 5197 .

113 5201 251 5271 issbfflss’
277 5219 357 5270 quam
380 5201 512 5284 Cruciger
531 5203 615 5255 edidit
638 5219 711 5254 anno
728 5201 802 5256 1543.
848 5203 941 5271 Quum
956 5221 1036 5273 prae·
1121 5223 1132 5246 ο
1158 5175 1202 5248 D·
1251 5175 1331 5250 Elsl
1356 5179 1455 5250 mlii-d
1478 5193 1590 5250 aelate
1616 5203 1767 5250 maiores
1788 5175 1994 5272 lnlssuropd
2011 5193 2075 5252 lu·

113 5268 179 5323 latio
198 5269 282 5324 Cruci
302 5271 341 5322 cri
364 5271 424 5325 deta
446 5282 494 5323 ιιιι
513 5269 557 5324 die
575 5269 659 5324 nativ.
673 5269 771 5324 Christi
788 5271 862 5326 1544.
878 5272 896 5325 i.
910 5289 934 5326 e.
951 5271 1033 5355 idid„
1087 5273 1221 5351 mulp'us
1240 5295 1273 5352 eg
1297 5282 1566 5373 periculosiores
1585 5282 1750 5366 fuerunt,
1769 5307 1874 5375 quam
1902 5277 1970 5352 hoc
1995 5281 2075 5376 ipso

113 5338 275 5410 intelligitur
284 5287 390 5394 iibt'um
410 5349 524 5395 excunte
542 5357 616 5394 anno
634 5339 776 5408 prodiisse.
809 5340 917 5409 Scripta
930 5351 969 5397 est
981 5359 1035 5414 agr·
1276 5383 1285 5402 .
1559 5382 1568 5400 .
1854 5383 1863 5402 .

112 5417 156 5462 tur
167 5407 237 5463 baec
246 5407 323 5482 epist.
337 5427 357 5462 a·
380 5405 457 5467 4544.
472 5407 529 5464 iere
541 5425 633 5462 mense
646 5405 748 5463 Martio
762 5407 806 5468 vel
820 5409 918 5481 apriti.
1086 5404 1181 5455 ³⁰³⁰
1198 5399 1288 5458 mil
1300 5398 1401 5470 sums
1425 5397 1544 5455 lamen
1557 5409 1596 5453 m
1611 5398 1711 5456 tam
1727 5385 1936 5458 consumme
1955 5409 2075 5458 mum
