4704 5804
201 221 278 317 stt
785 211 1224 310 mirozlaum
1276 219 1474 304 utura.
1525 219 1664 300 ssss
2164 211 2245 290 css
2345 225 2346 234 ι

204 398 372 494 stimulis
404 393 576 492 inauris?
632 388 781 484 &uret
814 387 884 463 fuit
913 383 1089 475 Εεὼάι,
1120 391 1197 465 scd
1245 407 1364 469 nrum
1388 394 1434 471 su
1457 395 1704 488 messura,
1734 403 2051 476 summ,
2072 408 2156 460 aem
2171 386 2245 456 ssu

205 505 294 592 alias
310 497 629 600 wentenum.
654 493 741 572 sus.
753 490 1133 584 minoretimpurior,
1158 505 1199 565 ut
1246 491 1404 578 Romani
1433 493 1603 590 Episcopi
1630 493 1743 584 magis
1772 493 1920 584 imperia
1946 491 2093 576 mendi,
2137 509 2245 583 quam

207 607 247 680 in
269 603 380 680 {nael
406 615 445 675 et
466 599 554 672 luda
579 611 737 686 tempore
761 588 954 669 zachariae
976 593 1101 684 ulem
1117 604 1199 670 eret
1247 593 1442 670 Ecclesiam
1465 611 1637 688 regerent.
1688 593 1835 668 Utinam
1858 591 1965 664 vellet
1989 590 2164 684 patienter
2177 611 2245 658 au·

206 704 383 792 Ecclesia,
413 717 448 781 et
462 697 565 796 pauci
585 696 833 788 intelligebant
849 717 951 766 veros
973 695 1100 768 cultus.
1149 689 1200 776 Et
1248 697 1326 768 dire
1351 699 1463 770 multo
1485 696 1692 772 vetustioris
1716 709 1752 766 et
1775 693 1925 764 certiora
1947 691 2167 774 testimonia,
2199 689 2246 758 de

206 831 410 906 qcsauquam
425 828 499 878 nou
514 801 680 892 tingimus
693 796 888 874 Ecclesiam
904 796 1140 879 invisibilem,
1164 808 1200 869 et
1249 800 1355 870 rebus
1370 799 1550 886 niaximls,
1574 796 1772 881 Ecclesiae,
1806 817 1911 888 quam
1935 791 2126 882 diligenter
2147 805 2182 860 et
2201 789 2246 857 b·

206 909 410 985 Platonicae
423 903 561 978 civitati
574 901 750 985 similem,
779 901 842 984 sed
856 899 1008 970 dicimus
1024 919 1098 966 esse
1113 893 1200 966 visis
1250 899 1377 970 delitet
1395 898 1579 992 inquisivi.
1631 896 1672 970 si
1691 921 1828 968 mecum
1846 895 1953 964 vellet
1976 905 2137 962 amanter
2157 913 2247 960 cun-

205 1013 335 1092 bilem,
370 1024 404 1079 et
432 1004 563 1078 habere
589 1017 691 1075 nutas
715 1015 846 1088 sertus,
876 999 968 1068 sicut
991 1011 1076 1068 lunc
1100 1008 1201 1069 erant
1249 1002 1359 1082 ierrc,
1391 999 1634 1074 libentissime
1651 1019 1731 1070 cum
1756 1023 1798 1068 eo
1826 995 1884 1066 vel
1912 994 2149 1086 colloqueret,
2186 991 2247 1060 vel

160 1159 166 1162 -
205 1113 359 1195 risibilis
394 1107 576 1181 Ecclesia.
613 1097 823 1192 Zacharias,
871 1099 1040 1182 Simeon,
1083 1095 1202 1181 Anne,
1252 1101 1392 1190 scriptis
1409 1124 1557 1189 agerem·
1608 1099 1680 1172 seu
1702 1098 1777 1192 ipse
1799 1098 1893 1168 iuter
1910 1095 2155 1164 disserendum
2170 1089 2248 1182 spi·

206 1187 410 1280 Ellfflbeihs
434 1193 582 1284 1⁰⁸²Pl¹2
604 1187 722 1263 Μθῐῖθ
740 1203 773 1264 ²²
789 1191 892 1282 l‘auci
906 1194 994 1261 *¹53²-
1011 1195 1202 1269 Hebebml
1251 1197 1486 1270 rat-bonilem
1501 1201 1682 1285 animum,
1708 1225 1787 1270 cnm
1802 1221 1866 1288 ego
1882 1197 2013 1280 meus,
2046 1206 2107 1264 aut
2120 1193 2247 1262 rolens
2346 1197 2347 1260 l

206 1301 306 1374 euim
330 1297 477 1368 verbum
491 1291 560 1364 Dei
583 1305 716 1364 cerium
737 1302 774 1364 tt
798 1290 913 1362 nullut
934 1312 1039 1362 veros
1054 1303 1088 1362 et
1103 1289 1203 1370 ,tuti-
1252 1295 1351 1366 nulla
1367 1295 1403 1364 iu
1419 1320 1457 1366 re
1472 1321 1631 1390 uuquam
1649 1325 1732 1368 cum
1746 1297 1920 1368 laeserim.
1969 1289 2246 1386 Amavipotins,
2346 1281 2347 1292 ¹

206 1398 497 1491 mnlflsplrlmss
511 1393 641 1465 Μῐίῦῑὶῑ
672 1405 791 1475 1thss
814 1414 887 1465 ⁰⁰11
910 1403 963 1472 “i
987 1415 1115 1482 corpus
1136 1413 1204 1483 ΡΘ-
1253 1409 1286 1468 et
1308 1395 1406 1468 volui
1423 1421 1503 1468 eum
1521 1422 1594 1468 esse
1610 1410 1819 1468 ornamento
1835 1392 2142 1470 scholaenostrae.
2191 1391 2248 1464 Ne

206 1505 364 1588 liticum,
403 1497 520 1574 simile
545 1493 682 1586 regnis,
724 1491 906 1582 alligatum
929 1493 974 1562 ad
997 1487 1205 1596 Episcopus,
1253 1522 1490 1572 nuncnocere
1506 1499 1650 1594 quidem
1668 1499 1700 1568 ei
1715 1498 1841 1590 cupio,
1873 1519 1940 1566 nec
1958 1509 2091 1566 certare
2107 1496 2191 1565 odio
2212 1507 2249 1565 et

207 1621 243 1678 et
264 1627 387 1680 comm
411 1604 590 1682 doctores,
621 1616 774 1689 quornm
796 1593 943 1686 Plurimi
963 1607 1113 1686 Wsunt
1130 1615 1204 1668 esse
1253 1599 1441 1671 acerbitate
1463 1623 1544 1670 enm
1561 1625 1602 1670 co
1620 1600 1714 1670 volu.
1764 1597 1846 1669 Scio
1861 1619 1952 1690 quae
1966 1597 2096 1668 iudicia
2114 1595 2250 1666 intueri

207 1707 318 1782 alieni
332 1706 377 1777 ab
394 1699 562 1775 Ecclesia.
998 1751 1002 1758 -
1253 1701 1420 1784 debeam,
1451 1723 1516 1770 neo
1537 1703 1663 1772 faciam
1685 1699 1823 1793 aliquid
1845 1699 1883 1768 in
1900 1693 1956 1766 bis
1971 1698 2123 1790 publicis
2136 1719 2250 1786 nego-

310 1805 494 1878 P⁰⁸lrtm⁰
520 1799 585 1874 ⁰2⁸1
607 1821 681 1878 ¹¹0ss
705 1809 894 1880 tssnlflmm
910 1792 1088 1877 Ecclesiae
1103 1793 1204 1870 testi·¹
1254 1801 1312 1872 tiis
1334 1802 1586 1886 immoderate,
1626 1815 1661 1872 et
1687 1797 1796 1872 huius
1816 1797 1994 1872 Ecclesiae
2018 1799 2249 1870 concordiam

209 1908 351 1993 ¹¹¹⁰⁰l⁸s
381 1919 499 1977 limen
521 1921 660 1970 ”000532
681 1913 732 1968 ²⁸²
747 1911 867 1968 lenem
884 1900 1057 1987 regulam
1089 1889 1207 1992 Quod
1255 1903 1390 1995 privata
1413 1902 1595 1976 iracundia
1616 1901 1751 1975 nollem
1770 1901 1919 1974 turbari.
1970 1899 2122 1972 Memini
2137 1899 2249 1982 enim,

207 2003 405 2095 lemnii,
441 2000 517 2078 50⁸⁵
540 1997 589 2072 ¹⁸⁰⁸
618 1993 861 2097 “Misimia
894 2001 945 2068 Sil
978 1991 1148 2068 dixirim
1176 2020 1201 2066 α
1254 2005 1351 2096 quod
1374 2003 1508 2074 dictum
1531 2018 1593 2076 est.
1642 1997 1724 2099 Qui
1746 2001 1786 2074 in
1809 1997 2002 2074 dilectione
2024 2009 2170 2088 manu,
2207 1996 2250 2068 in

206 2111 293 2200 Deo
313 2133 379 2208 pec
402 2025 608 2204 Propitius
634 2109 666 2172 et
688 2095 886 2196 Apostolos
908 2094 1071 2184 trudito,
1109 2118 1202 2196 quo*
1252 2099 1338 2176 Deo
1352 2112 1487 2178 manet.

208 2239 290 2286 rum
306 2207 427 2284 oratio
443 2214 532 2280 certe
544 2201 619 2301 piis
636 2210 687 2272 est
700 2199 904 2298 perspicua.

307 2311 361 2386 De
379 2312 533 2405 primatu
545 2304 728 2381 Pontificis
740 2303 860 2377 nescio
875 2302 963 2396 quid
978 2301 1074 2376 velit.
1109 2299 1202 2371 Nam
1260 2301 1277 2312 '

207 2415 415 2491 brevissime
430 2407 571 2500 scripsit
585 2401 687 2479 mihi.
739 2402 906 2492 Quaerit,
931 2427 976 2472 an
993 2397 1204 2493 habeatpo-
1253 2417 1320 2492 No,
1334 2413 1450 2492 2804,
1711 2459 1716 2474 ,
2079 2425 2137 2486 19,
2154 2415 2236 2480 No„

207 2531 368 2606 uitatem
396 2512 535 2608 aliquid
565 2505 758 2594 ordinandi
787 2529 828 2579 ac
855 2503 1056 2579 statuendi?
1122 2501 1201 2574 Hoc
1258 2513 1430 2544 Μ

197 2635 325 2718 'potest
344 2619 390 2688 de
413 2613 579 2686 omnibus
592 2607 778 2700 Episcopis
799 2619 834 2678 et
852 2607 1054 2698 pastoribus
1068 2605 1202 2698 quaeri.
1532 2581 1680 2666 leuch.
1710 2577 1973 2668 Camerariu.

209 2721 304 2803 Satis
320 2718 492 2812 explicata
505 2727 555 2790 est
570 2707 656 2785 haec
669 2708 826 2827 quaestio
839 2708 878 2778 iu
893 2709 968 2800 ipsa
980 2705 1201 2778 consessione
1320 2739 1406 2815 qu,
1419 2739 1453 2795 ,p
1467 2739 1607 2797 &muse
1624 2757 1652 2814 p.
1663 2737 1715 2792 4„
1728 2755 1787 2810 sqq.
1805 2736 1860 2806 (ee.
1874 2735 1962 2793 [md.
1978 2735 2025 2792 fib·
2040 2735 2085 2794 w·
2099 2755 2142 2812 ep.
2154 2735 2228 2806 ως.)

207 2821 437 2915 Principum,
467 2837 556 2912 quae
577 2835 653 2886 uun
670 2813 776 2882 debet
788 2833 822 2880 es
835 2831 908 2880 esse
922 2809 1054 2899 ignota.
1102 2806 1203 2880 Cou-

209 2925 370 3008 cedimus
391 2931 547 3014 pastores
567 2911 698 2988 babere
718 2909 998 2984 iurisdictionem
1020 2933 1062 2980 ex
1080 2905 1203 2982 Evan-

211 3027 304 3121 gelio
329 3025 374 3095 ad
394 3016 751 3094 excommunicandos
764 3036 844 3084 reos
857 3013 1066 3096 criminum,
1089 3023 1123 3082 et
1138 3012 1203 3082 ab·

210 3127 401 3202 solvendos
423 3145 500 3208 eos,
540 3119 604 3213 qui
631 3117 821 3186 emendant
842 3137 968 3186 mores.
1026 3109 1204 3184 Concedi-
1290 3155 1294 3164 ·

209 3253 290 3304 mus
311 3227 420 3304 etiam
443 3221 535 3294 boui
555 3217 697 3296 ordinis⁴
717 3238 855 3301 caussa,
887 3238 987 3307 posse
1001 3214 1115 3284 cosin
1130 3213 1203 3284 suis
1254 3195 1298 3286 S.
1324 3213 1369 3288 D.
1421 3215 1559 3287 Vellem
1576 3215 1697 3287 triduo
1715 3214 1817 3284 citius
1832 3209 2030 3306 Epistulam
2048 3225 2143 3282 tuam
2159 3211 2249 3282 scri-

209 3329 396 3412 Ecclesiis,
429 3339 589 3415 tempora
612 3333 646 3390 et
667 3317 837 3388 lectiones
858 3316 1080 3390 distribuere.
1131 3315 1204 3386 Sed
1257 3331 1351 3411 ptam
1380 3316 1472 3390 Duci
1501 3315 1673 3404 Albcrtu,
1712 3311 1782 3386 huc
1814 3315 1957 3385 missam
1988 3337 2072 3387 esse.
2140 3311 2250 3384 Tunc

210 3433 310 3524 aliud
322 3443 380 3512 ¹est
397 3425 583 3498 instituere
604 3417 838 3502 ceremonias,
862 3441 1014 3511 quarum
1035 3415 1116 3486 linis
1140 3430 1204 3501 est,
1256 3421 1350 3489 enim
1368 3423 1489 3490 aderat
1502 3422 1704 3492 adolescens
1718 3409 1918 3502 Protinus,
1940 3441 1981 3486 ex
1997 3413 2109 3487 Cattis
2126 3439 2249 3484 rever-

208 3550 250 3610 ut
263 3533 337 3618 siut
350 3531 466 3602 cultus
482 3537 516 3598 et
530 3545 637 3616 opera
650 3519 843 3605 merituris,
869 3518 959 3590 sieut
974 3517 1206 3590 instituerunt
1256 3545 1326 3596 sus.
1388 3519 1489 3592 Huic·
1507 3520 1714 3614 proponenti
1741 3519 1881 3590 litteras
1904 3541 1960 3588 me
1990 3519 2075 3588 dare
2106 3537 2250 3586 necesse

211 3635 442 3714 coelibatum,
463 3641 563 3710 vole,
588 3625 633 3694 dc
648 3618 864 3694 hisdicitur:
896 3614 1060 3689 Frustra
1081 3613 1205 3690 colunt
1256 3625 1335 3698 suit.
1391 3621 1578 3716 Respondi
1601 3623 1710 3712 igitur
1733 3634 1769 3692 te
1793 3621 1982 3690 missurum
2008 3641 2081 3687 esse
2100 3613 2249 3710 Episto-

211 3724 472 3812 menandrus
494 3721 696 3798 hominum.
747 3717 843 3795 llam
858 3713 1207 3792 Paulusvuculclo-
1257 3725 1683 3809 lamdetuaruluntatc‚
1714 3723 1814 3793 etde
1838 3721 1915 3813 ipsu
1933 3721 2103 3812 negocio,
2128 3733 2163 3790 et
2181 3721 2250 3789 ad-

212 3836 352 3913 urinas
376 3825 664 3905 demoniorum.
723 3821 833 3910 Item,
866 3819 904 3892 sl
927 3819 1008 3892 licet
1034 3813 1204 3895 humana
1257 3827 1332 3898 didi
1356 3827 1635 3910 excusationem,
1675 3847 1739 3894 cur
1758 3823 1875 3894 subito
1901 3823 1945 3893 ab
1970 3819 2161 3892 Academia
2181 3817 2250 3890 Li-

211 3937 413 4017 autoritate
430 3929 578 4008 institui
592 3923 731 4012 cultus,
756 3922 930 3998 excusavi
946 3933 1101 4022 possunt
1124 3919 1205 3996 ido·
1255 3929 1351 4021 psica
1366 3929 1471 4000 avelli
1488 3952 1561 4000 uon
1574 3925 1700 4020 possis,
1711 3927 1857 3994 eandem
1866 3947 1971 4018 quam
1986 3944 2144 3992 recenses
2161 3921 2252 4014 ipse.

211 4039 332 4118 lorum
356 4034 477 4110 cultus
498 4025 605 4133 apud
621 4037 758 4126 gentes.
816 4025 908 4099 Nasu
933 4040 969 4096 et
991 4027 1046 4096 illi
1070 4021 1205 4098 babue-
1256 4029 1309 4099 De
1326 4029 1507 4106 voluntate
1525 4054 1607 4100 vero
1623 4013 1683 4100 tua
1699 4026 1870 4119 pulliceor
1886 4025 2034 4114 largius,
2066 4047 2173 4118 quam
2196 4037 2251 4108 tu,

210 4157 536 4219 ruotcaussasuun
551 4129 781 4206 abhorrentes
794 4130 840 4198 ab
855 4124 1019 4200 humarus
1032 4128 1184 4204 iudiciis.
1257 4131 1414 4222 adeoque
1429 4143 1630 4222 congruunt
1643 4125 1842 4220 Epistulae,
1875 4139 1915 4198 ut
1937 4127 2047 4196 altera
2068 4127 2113 4194 de
2134 4125 2250 4194 altera

312 4239 499 4314 Caeterum
519 4236 587 4305 alia
609 4231 801 4324 disputatio
824 4241 893 4309 est,
927 4242 962 4298 et
981 4229 1026 4298 dc
1041 4229 1206 4318 primatu,
1257 4231 1428 4321 descripta
1459 4232 1573 4302 videri
1598 4231 1720 4322 possit.
1779 4225 1897 4300 Tuam
1920 4241 2039 4297 tamen
2063 4225 2251 4320 quampri-

214 4368 321 4443 quam
337 4367 378 4414 ex
394 4363 436 4410 eo
451 4360 527 4409 nou
544 4334 685 4420 andivi,
710 4355 799 4425 quae
812 4343 864 4400 est
876 4328 1033 4400 subtilis:
1060 4323 1120 4398 An
1135 4324 1205 4397 Ec·
1256 4355 1353 4401 marm
1372 4327 1512 4404 habebo
1528 4331 1777 4412 tabellarium,
1801 4329 1973 4398 missurus
1992 4351 2083 4401 sum.
2133 4323 2250 4419 Spem

212 4447 316 4520 cittii
334 4443 381 4526 &it
396 4437 596 4532 alligatam
612 4433 866 4504 successionem
882 4428 1100 4502 ordinariam
1115 4423 1206 4520 Epi·
1257 4433 1352 4502 euim
1382 4449 1415 4504 et
1442 4449 1523 4506 ante
1547 4431 1623 4508 Cal.
1650 4430 1831 4502 lanuarias
1854 4425 2040 4500 habituros
2059 4450 2126 4498 nus
2150 4450 2251 4498 nun-

213 4567 420 4641 ccupurum,
455 4552 493 4610 et
515 4559 604 4610 num
624 4533 773 4626 pendeat
797 4557 836 4602 ea
863 4557 906 4602 ex
927 4527 1105 4624 Episcopo
1127 4527 1207 4603 Ro·
1256 4532 1338 4608 cios.
1388 4531 1443 4606 De
1457 4531 1577 4605 schola
1592 4533 1665 4626 ipsa
1681 4527 1775 4602 nihil
1791 4531 2000 4602 constituam
2024 4529 2094 4598 nisi
2117 4529 2162 4598 de
2187 4543 2252 4600 tua

212 4645 345 4724 mano?
394 4639 474 4716 Hoc
491 4653 561 4726 est,
589 4659 639 4708 au
651 4633 752 4707 nulla
767 4635 812 4703 sit
826 4629 1013 4722 Evangelii
1029 4645 1063 4702 et
1079 4629 1206 4702 Sacra·
1256 4635 1449 4720 sententia,
1488 4636 1551 4706 ubi
1581 4633 1749 4707 collocuti
1780 4633 1924 4706 erimus.
1985 4629 2075 4702 Nam
2111 4629 2252 4700 etiamsi

213 4761 418 4836 mentorum
438 4741 513 4828 vis,
543 4738 623 4828 nisi¹
637 4733 931 4806 administrentur
952 4755 1015 4824 per
1039 4753 1118 4817 eos,
1143 4732 1206 4826 qui
1256 4749 1339 4807 ante
1369 4733 1445 4807 Cal.
1474 4734 1655 4809 lanuarias
1684 4733 1850 4827 Spirense
1884 4732 1953 4806 iter
1981 4730 2250 4822 suscipiendum

155 4859 160 4866 ’
213 4848 370 4928 ordinati
395 4856 481 4934 suut
504 4840 550 4914 ab
569 4833 756 4936 Episcopis
779 4834 842 4904 illa
868 4831 1049 4907 ordinaria
1070 4855 1208 4904 succes
1257 4836 1342 4920 erit,
1371 4839 1415 4906 ad
1439 4849 1473 4908 te
1497 4851 1617 4908 tamen
1640 4837 1819 4920 accedam,
1845 4858 1920 4904 nun
1937 4833 2043 4902 modo
2059 4829 2250 4902 dePruto-

215 4958 315 5031 sione
337 4939 564 5042 regentibus?
618 4937 674 5010 De
695 4931 762 5007 bac
784 4933 990 5030 quaestione
1011 4955 1088 5004 non
1108 4932 1206 5004 arbi-
1256 4937 1335 5005 nica
1350 4931 1489 5017 schola,
1518 4939 1580 5006 sed
1600 4939 1644 5007 de
1666 4937 1745 5006 aliis
1768 4935 1873 5018 rebus
1897 4936 2002 5006 etiam
2024 4946 2139 5003 tecum
2156 4933 2249 5002 deli-

215 5075 292 5132 tror
305 5075 387 5128 sum
401 5046 555 5124 multum
570 5039 755 5134 cogimus,
784 5033 846 5106 secl
862 5033 978 5128 coepit
991 5035 1063 5104 ism
1083 5057 1205 5108 recem
1257 5037 1454 5110 beraturus.

214 5161 329 5252 tepere
352 5153 487 5224 librum
507 5141 751 5219 necatorum.
809 5131 905 5209 Haec
933 5135 1090 5212 fortassis
1122 5155 1207 5226 pto-
1359 5134 1557 5207 Meministi
1577 5159 1719 5210 versum
1740 5127 1989 5228 sophocleum:
2028 5126 2160 5230 papini
2180 5131 2247 5228 βο-

215 5275 296 5356 pter
325 5252 572 5348 antiquitatem
601 5243 784 5330 miratur..
804 5251 847 5310 ut
872 5237 905 5313 si
929 5235 1060 5326 legeret
1087 5247 1206 5308 vetera
1256 5234 1336 5334 βιὸς
1357 5228 1407 5309 αὖ
1428 5241 1501 5310 νῦν
1521 5233 1579 5310 ἐπὶ
1599 5239 1714 5332 ξυροῦ
1734 5229 1858 5329 τύχης.
1909 5233 2014 5304 lianc
2035 5255 2158 5305 rocem
2174 5235 2249 5306 uti-

217 5357 564 5456 sperneremus,
594 5369 676 5422 eum
696 5363 824 5434 magna
844 5359 927 5433 pest
942 5343 1066 5415 sotum
1083 5335 1207 5410 detre-
1257 5361 1341 5408 uam
1363 5337 1420 5408 vel
1441 5340 1583 5408 tandem
1612 5361 1693 5410 cum
1714 5336 1753 5404 in
1776 5359 1956 5411 summum
1975 5332 2169 5422 discrimen
2194 5357 2249 5408 res

1251 2981 1377 3076 gensi,
1403 2976 1596 3052 excellenti
1619 2973 1821 3097 eruditione
1844 2983 1878 3094 et
1896 2973 2044 3049 Virtute
2063 2969 2249 3074 praedito,

1580 3100 1925 3152 umacusuocursss.
2348 3107 2349 3128 ι

1253 2867 1414 2950 Clanis.
1436 2875 1514 2950 viro
1537 2873 1568 2948 I
1571 2871 1782 2948 oachimu
1807 2867 2075 2947 Camerario
2105 2867 2250 2943 Puber-
2348 2916 2349 2952 ,
