4670 5806
220 216 302 296 w
802 201 1246 294 letsrottnttn
1293 205 1399 287 ms.
1438 205 1504 288 tx.
1553 205 1689 288 tttn
2182 207 2267 292 m

226 396 348 474 locum
364 401 405 464 et
422 386 642 458 functionem
665 382 832 477 aliquam.
882 376 950 472 Et,
974 395 1015 454 nt
1027 383 1076 458 sd
1089 395 1125 460 tte
1142 379 1242 454 ocli-¹
1267 383 1313 454 ab
1334 378 1573 454 insectatione
1601 395 1664 456 ent
1688 380 1888 454 vieinurum
1907 377 2171 471 Ecclesiam,
2203 397 2269 456 aut

227 511 307 571 tum
317 489 486 572 baberet,
509 509 604 558 meas
617 485 737 556 literas
750 484 933 574 flagitavit.
967 482 1088 574 Quare
1107 482 1139 553 si
1154 505 1222 576 po-
1267 483 1456 558 Pastorum
1471 483 1627 571 illarum,
1651 484 1766 556 ordiri
1779 497 1882 556 tuum
1892 485 2143 561 ministerium.
2193 481 2268 558 Oi-

228 613 284 674 tes
305 621 386 668 eum
411 594 554 676 iuvare,
581 609 671 679 rogo
700 599 744 660 ut
768 609 836 680 per
858 587 1082 657 occasionem
1113 584 1222 656 alicui
1268 588 1385 658 tendit
1404 585 1502 656 enim
1524 587 1587 658 illa
1610 611 1687 660 non
1710 588 1907 660 necessaria
1930 584 2159 681 reprehensio
2184 611 2266 680 non

229 723 313 775 oum
325 694 504 770 Ecclesiae
516 690 713 783 praeficias,
732 713 843 784 quom
856 689 1081 763 mediocriter
1095 689 1223 758 docere
1269 692 1378 762 modo
1393 687 1551 772 vicinos,
1575 690 1637 760 sed
1653 690 1758 778 etiam
1775 704 1856 762 tuos
1871 690 1983 778 cives,
2007 692 2072 786 qui
2091 691 2166 764 illis
2188 713 2268 762 non

228 801 372 900 poterit.
422 795 535 866 Natus
550 790 796 889 estCygneae,
821 805 857 864 et
872 791 968 862 nosti
990 792 1082 861 iilud
1102 785 1224 859 homi·
1270 793 1363 863 male
1378 791 1514 868 volunt.
1556 787 1606 864 Et
1620 817 1836 886 quamquam
1849 793 1970 866 minus
1982 793 2267 865 ceremoniarum

229 930 320 978 num
333 921 442 994 genus
459 886 825 995 πολυπραγμονικόν.
875 891 948 968 Sed
962 907 1081 964 tamen
1096 892 1127 962 si
1140 890 1223 961 usui
1272 895 1376 965 estin
1390 894 1463 963 iltis
1479 889 1665 964 Ecclesiis:
1690 909 1808 966 tamen
1822 896 1981 966 doctrina
1998 920 2087 988 pura
2104 908 2167 980 est,
2196 917 2266 964 nec

230 1031 304 1080 esse
324 1013 457 1100 potest,
480 1023 555 1068 non
571 999 826 1089 adspernemur
841 1019 935 1068 eum.
984 993 1083 1068 Bene
1099 1007 1135 1066 et
1147 993 1223 1064 soe-
1273 1020 1314 1066 eo
1330 996 1451 1066 odiose
1465 997 1667 1084 exagitandi
1682 1009 1783 1081 sunt,
1808 996 1892 1090 quia
1906 996 2064 1068 fortassis
2088 999 2178 1068 ordo
2202 995 2268 1066 ille

228 1109 347 1190 liciter
361 1103 450 1178 vale.
499 1097 665 1176 Calendis
681 1093 818 1192 Aprilis
842 1093 954 1169 1544.
1272 1097 1312 1166 in
1326 1097 1602 1188 interpretandis
1615 1099 1722 1168 sacris
1737 1099 1840 1168 libris
1857 1121 1931 1168 non
1953 1112 2130 1183 servatur,
2155 1121 2266 1190 quern

713 1193 934 1294 ‘Philippus
948 1189 1176 1270 Melanthos.
1273 1199 1387 1270 nostri
1412 1214 1563 1273 servant.
1614 1197 1712 1270 Haec
1731 1199 1929 1270 similitudo
1952 1223 2028 1270 non
2050 1199 2175 1270 acerbe
2198 1221 2268 1290 po-

1274 1302 1437 1372 stulanda
1454 1312 1516 1375 est.
1566 1298 1758 1395 Nunquam
1777 1301 1907 1392 poterit
1918 1325 1991 1372 esse
2013 1300 2269 1394 tranquillitos,

1275 1403 1304 1472 si
1329 1425 1404 1472 non
1426 1401 1638 1496 aequitatem
1660 1403 1700 1472 in
1721 1403 1917 1472 tolerandis
1939 1401 2269 1474 ritibusdissimili·

1274 1505 1359 1590 bus,
1389 1503 1499 1572 immo
1523 1504 1626 1574 etiam
1649 1504 1690 1574 in
1707 1504 1963 1575 dissimulanda
1979 1505 2097 1599 aliqua
2113 1503 2269 1573 infirmi·

1098 1588 1230 1708 Q
1274 1619 1346 1676 tate
1364 1599 1624 1679 adhibebimus.
1666 1602 1899 1690 Mihicrede‚
1923 1608 2096 1700 quaedam
2113 1599 2268 1698 etiem‘)

228 1597 298 1670 No.
312 1590 425 1666 2899.

237 1689 410 1730 Μ
1276 1707 1380 1778 nobis
1396 1706 1451 1774 illi
1465 1707 1682 1781 condonant.
1726 1704 1839 1777 Dabis
1853 1707 1962 1797 igitur
1974 1730 2117 1800 operam
2136 1707 2268 1798 potius,

586 1768 630 1858 C·
671 1770 883 1855 mmm·
1275 1822 1317 1880 ut
1327 1807 1463 1877 vicinos
1475 1807 1543 1878 tibi
1557 1807 1738 1900 adiungas,
1753 1833 1860 1901 quam
1872 1822 1982 1880 utens
1997 1809 2140 1884 alienes.
2166 1806 2269 1897 Quid

302 1941 380 1996 Edita
397 1937 425 1991 in
440 1930 996 2056 lliedercrsbbbsndlungsuelerii&
1014 1937 1041 1984 et
1056 1927 1226 1999 descriptas
1276 1909 1416 1981 dulcius
1442 1923 1494 1980 esi
1515 1907 1621 1980 honis
1637 1907 1836 1994 menllbtls,
1861 1933 1968 2004 quam
1985 1911 2178 1980 vicinarum
2196 1905 2270 1980 Ec·
2329 1915 2330 1920 ¹

336 2006 450 2062 Lunsio.
485 2003 604 2056 Eandem
620 2004 673 2058 ism
686 2002 807 2057 ediderst
821 1999 954 2056 Pere.in
970 1997 1076 2054 Consil.
1091 1995 1226 2052 Melanch.
1261 2011 1462 2081 ,clesiamm
1477 2011 1679 2080 coniunctio
1696 2011 1955 2082 etconcordiaq
2004 2009 2078 2083 Nec
2091 2007 2270 2082 decom

331 2078 408 2161 ΜΨ
423 2075 455 2130 1³.
469 2073 491 2132 L
507 2092 534 2146 ρ’
545 2073 606 2130 ⁵⁸⁰⁹
733 2087 739 2098 Ι
1275 2110 1442 2198 Domini,
1467 2113 1499 2182 si
1515 2115 1635 2183 dextre
1650 2107 1959 2209 intelligantur⁸),
1984 2113 2200 2184 dissentiunt
2223 2114 2270 2182 ab

233 2229 458 2314 Clarissimo
475 2227 569 2312 viro,
594 2221 796 2300 eruditione
820 2233 851 2297 et
869 2225 998 2296 virtute
1016 2222 1229 2323 praestanti
1276 2239 1315 2286 ea
1331 2213 1504 2298 formula,
1529 2215 1573 2286 de
1588 2239 1657 2309 qua
1672 2210 1731 2284 bic
1746 2215 1925 2289 convenit.
1974 2211 2024 2291 Et
2048 2215 2180 2308 siquid
2206 2235 2271 2284 su-

232 2337 326 2420 Dnn
349 2329 562 2436 Casparo
592 2322 831 2414 Dolonem,
861 2321 1017 2400 Pastori
1034 2323 1225 2398 Ecclesiae
1276 2313 1466 2413 spicaris⁷)
1483 2311 1767 2411 incommodi⁸),
1789 2330 1909 2388 tamen
1933 2315 2086 2390 fovenda
2107 2330 2161 2388 cst
2179 2339 2271 2388 eon-

352 2430 726 2530 Nordlingiacensis,
750 2427 955 2502 amicosne,
1006 2430 1042 2502 S.
1068 2429 1109 2504 Ρ,
1277 2418 1408 2492 cordia.
1458 2415 1550 2488 Nam
1574 2418 1604 2488 si
1626 2413 1909 2515 accendantur⁹)
1934 2419 2036 2500 odia,
2061 2418 2173 2508 magis
2193 2418 2271 2487 dis-

235 2545 336 2650 Cum
354 2573 522 2656 sciamus,
546 2593 628 2643 vere
642 2565 712 2642 Dei
726 2567 821 2644 dona
842 2587 915 2636 esse
937 2564 1015 2656 pios
1037 2575 1074 2634 et
1094 2561 1226 2634 uluta-

234 2703 291 2752 res
307 2680 470 2752 doctores
484 2669 677 2756 Ecclesiae,
699 2683 740 2741 ut
752 2667 923 2760 scriptum
940 2679 1009 2752 est,
1028 2660 1127 2734 alius
1140 2687 1225 2762 que-

237 2777 317 2853 dem
338 2771 438 2846 dedit
460 2769 642 2858 doctores,
660 2765 760 2840 alios
781 2776 968 2865 pastores:
992 2767 1086 2838 veris
1109 2781 1144 2838 et
1167 2790 1225 2836 ar-

236 2882 405 2955 dentibus
418 2876 510 2946 votis
532 2899 552 2945 a
568 2872 645 2944 Deo
659 2888 837 2966 petamus,
862 2883 903 2941 ut
916 2865 1076 2965 felices²)
1096 2869 1226 2958 guber·
1296 2927 1305 2946 ,

236 2999 379 3066 natores
394 2979 528 3064 mittat,
549 2990 585 3047 et
598 2976 722 3046 missos
737 2987 849 3064 regat:
875 2997 946 3066 quo
971 2971 1011 3040 in
1024 2994 1175 3044 numero
1190 2983 1225 3042 te
1287 3017 1292 3032 .-

236 3108 378 3182 quoque
394 3082 541 3152 colloco.
592 3075 713 3167 Quare
727 3089 768 3146 ut
782 3089 815 3160 te
829 3071 926 3144 Deus
943 3086 1046 3162 regat
1066 3085 1101 3143 et
1121 3072 1225 3151 adiu-

236 3205 311 3274 vet,
336 3210 377 3256 er
392 3184 510 3254 animo
525 3193 619 3270 opto.
667 3177 757 3268 Legi
771 3190 887 3248 autem
909 3173 1094 3266 epistolam
1115 3187 1225 3260 tuam,
1293 3233 1304 3250 ‚

236 3293 276 3361 in
295 3313 364 3386 qua
386 3287 476 3356 duae
495 3281 658 3383 querelae
678 3288 1015 3363 commemorantum
1051 3277 1160 3346 altera
1181 3277 1225 3346 de

236 3385 564 3467 concionatoribus,
587 3381 651 3476 qui
667 3393 748 3450 ante
763 3393 865 3450 tuum
888 3380 1079 3448 adventurn
1095 3379 1227 3447 docue-

237 3507 324 3566 runt
336 3487 531 3562 Ecclesiam
546 3483 689 3562 Nurdl.‚
711 3481 820 3552 ultera
837 3481 882 3549 de
894 3479 1092 3548 vicinarum
1105 3471 1142 3576 ²)
1162 3501 1226 3547 ur-

235 3598 337 3669 bium
353 3589 568 3663 doctoribus.
620 3581 698 3656 Etsi
714 3597 833 3654 autem
850 3583 946 3654 bono
961 3579 1078 3652 studio
1095 3574 1182 3650 baec
1203 3603 1225 3650 a

236 3715 272 3771 te
289 3695 417 3786 scripta
432 3677 506 3760 esse
519 3689 608 3759 scios
633 3701 752 3758 temen
766 3709 882 3754 meam
898 3683 1004 3753 etiam
1017 3681 1224 3773 opinionem

234 3799 304 3874 tibi
319 3792 585 3886 significandam
597 3783 715 3884 esse³)
729 3787 827 3872 duxi,
850 3801 954 3879 teque
968 3807 1072 3874 rogo,
1090 3798 1130 3856 ut
1150 3805 1226 3856 non

237 3897 459 3994 adsperneris
472 3891 628 3965 bominis
643 3889 748 3961 amici
765 3901 799 3959 et
811 3889 884 3958 iam
901 3887 964 3957 din
978 3885 1166 3971 exercitati,
1185 3899 1227 3962 ut

1274 2514 1469 2590 trabuntur
1499 2520 1605 2590 etiam
1634 2520 1837 2614 opiniones:
1895 2519 2015 2591 Multa
2044 2519 2271 2615 aliquamdiu

1200 2661 1208 2679 ·
1276 2635 1397 2694 sanata
1428 2633 1530 2704 sunt,
1576 2622 1663 2692 dum
1694 2617 1833 2692 animos
1865 2619 2080 2712 coniungere
2111 2622 2270 2716 quadam

1274 2723 1523 2794 benevolentia
1541 2723 1733 2798 studemus.
1785 2722 1885 2812 Quid
1904 2723 1949 2794 ad
1964 2721 2180 2796 Germaniae
2201 2743 2270 2815 pa-

1275 2821 1411 2917 cem¹⁰)
1433 2821 1507 2897 te'm
1530 2827 1696 2918 prodest,
1735 2849 1843 2920 quam
1867 2825 2057 2896 concordia
2075 2823 2270 2900 mediocris

1274 2925 1485 2998 crvitatum?
1541 2925 1614 2998 Nec
1640 2942 1789 3018 possunt
1809 2927 1928 2998 omnia
1957 2941 2029 2998 tam
2050 2927 2271 2998 turbulentis

1274 3029 1495 3120 temporibus
1509 3029 1627 3100 subito
1638 3030 1683 3100 ad
1700 3053 1776 3100 eam
1792 3051 1954 3099 normam
1971 3025 2149 3115 constitui,
2158 3051 2269 3124 quam

1274 3131 1330 3200 illi
1345 3131 1413 3223 ipsi
1427 3129 1646 3217 desiderant,
1672 3133 1735 3226 qui
1755 3131 1884 3200 inillis
1899 3127 1987 3201 locis
2002 3143 2130 3222 regunt
2141 3127 2271 3201 Eccle-

1275 3255 1360 3302 sras:
1403 3255 1618 3328 quamquam
1641 3233 1728 3325 quid
1749 3231 1793 3302 de
1814 3231 1946 3302 nostris
1966 3229 2188 3326 temporibus
2211 3229 2270 3301 di-

1275 3333 1375 3404 cam?
1424 3332 1516 3402 Vide
1529 3331 1704 3404 Ecclesias
1721 3333 1805 3404 inde
1823 3327 2009 3432 aNoha¹¹)
2023 3355 2151 3428 usque:
2178 3356 2270 3428 qua·
2328 3399 2329 3432 ἓ

1274 3435 1320 3504 lis
1344 3459 1482 3526 semper
1503 3433 1685 3525 dissipatio
1708 3433 1803 3508 fuit?
1859 3433 1945 3508 Ideo
1968 3435 2096 3528 gratias
2122 3455 2270 3525 agamus

1273 3533 1371 3622 Deo,
1397 3539 1494 3631 quod
1509 3537 1697 3608 mediocris
1713 3539 1751 3608 in
1770 3535 1965 3612 Germania
1988 3557 2181 3609 consensus
2204 3549 2269 3618 est,

1275 3641 1371 3734 quod
1387 3638 1550 3710 doctrina
1564 3663 1653 3733 pura
1670 3639 1779 3712 lucet:
1807 3654 1842 3713 et
1858 3641 2085 3712 concordiam
2110 3659 2177 3709 nos
2198 3637 2269 3730 ipsi

1274 3743 1467 3816 foveamus.

1380 3887 1484 3976 Scio,
1516 3884 1651 3986 non¹²)
1675 3911 1800 3960 omnes
1819 3890 1869 3960 sic
1890 3890 2044 3962 adiectos
2065 3909 2154 3960 esse:
2181 3887 2270 3968 scio,

237 3998 442 4076 nihtt'aliud
455 3997 590 4080 dicam,
615 3983 964 4084 admonitionem⁸).·
1012 3987 1113 4071 Scio,
1145 3987 1227 4058 feli-
1275 3990 1408 4061 multos
1423 3993 1550 4062 demere
1566 3993 1786 4084 praeclarum
1802 4013 1895 4079 esse,
1920 3992 1951 4062 si
1964 3993 2131 4063 audacter
2144 3989 2271 4060 incur·
2327 4063 2328 4078 ¹

237 4131 312 4177 cem
329 4099 620 4195 gubernationem
635 4091 798 4187 opusDei
814 4117 902 4162 esse:
920 4091 981 4160 sed
997 4091 1102 4160 nobis
1119 4089 1225 4160 ctiam
1276 4110 1358 4162 rant
1379 4092 1421 4162 in
1436 4117 1576 4179 omnes,
1602 4096 1633 4164 si
1653 4093 1789 4164 nemini
1811 4105 1976 4185 parcant,
2002 4093 2033 4164 si
2049 4091 2187 4164 bellurn
2210 4091 2271 4160 in-

237 4203 426 4279 mediocris
456 4198 638 4288 diligentia
668 4209 702 4266 et
733 4191 1001 4284 circumspectio
1023 4187 1243 4262 adhibenda
1275 4195 1525 4266 ierantamicis
1540 4209 1576 4266 et
1591 4195 1757 4269 inimicis.
1808 4196 1868 4268 Sic
1885 4219 1950 4266 nec
1965 4217 2028 4284 ego
2045 4195 2179 4278 sentio,
2202 4217 2269 4264 nec

236 4323 300 4393 est,
316 4321 356 4378 ut
371 4301 489 4396 inquit
497 4299 645 4368 Paulus:
676 4291 824 4383 Videte,
847 4303 886 4366 ut
900 4289 1096 4362 ambuietis
1113 4284 1227 4361 adhi-
1276 4310 1311 4368 te
1327 4297 1457 4368 sentire
1474 4297 1596 4366 velim:
1623 4321 1688 4366 nec
1703 4298 1753 4368 sic
1766 4298 1915 4368 sensisse
1930 4296 2083 4368 Paulum
2097 4296 2268 4374 arbitror,

236 4408 316 4482 tito
333 4397 497 4506 quodam
514 4395 723 4494 diligentia.

337 4509 441 4580 Prius
455 4517 570 4575 autern
587 4503 631 4570 do
647 4501 842 4570 vicinorum
859 4497 1003 4569 urbium
1020 4495 1225 4568 doctoribus

235 4617 364 4685 dicam.
430 4605 524 4678 Novi
544 4594 760 4682 Fractarum,
798 4594 1041 4685 Masculum,
1080 4611 1116 4668 et
1137 4599 1225 4668 alios

236 4717 386 4798 multos3
410 4733 450 4779 ac
465 4709 556 4793 scio,
580 4729 653 4776 esse
668 4703 763 4774 viros
783 4705 923 4786 doctos,
945 4701 1041 4794 pios,
1066 4701 1224 4791 pruden-

236 4835 306 4904 tes,
341 4813 436 4885 etin
459 4831 605 4880 munere
627 4831 691 4878 suo
715 4803 846 4877 fideles.
897 4802 1017 4892 Quare
1032 4803 1165 4888 nolim,
1189 4815 1224 4872 te

237 5019 437 5037 —-——

270 5155 298 5219 l)
316 5149 382 5206 Per.
401 5141 545 5200 mendose:
557 5139 649 5210 fitius.

269 5239 299 5307 2)
318 5233 382 5289 Per.
394 5225 539 5284 mendoses
564 5221 749 5276 vicinioribus.

269 5323 298 5392 8)
316 5336 375 5375 esse
392 5316 466 5372 abest
478 5331 493 5376 a
506 5309 568 5366 Per.

268 5409 297 5477 4)
314 5405 359 5470 Cl,
373 5420 440 5476 quae
454 5395 616 5458 Melantbon
631 5393 657 5452 d.
671 5390 821 5451 tentant
836 5391 979 5464 scripserat
992 5387 1128 5447 Medlero.

1276 4399 1337 4492 qui
1352 4400 1448 4490 parci
1462 4398 1630 4484 infirmis,
1645 4399 1708 4493 qui
1725 4399 1863 4470 adsumi
1877 4399 2002 4470 iratres
2016 4399 2126 4470 iubet.
2166 4395 2269 4487 Qua-

1274 4525 1313 4572 re
1337 4514 1371 4570 te
1391 4513 1537 4592 propter
1549 4497 1664 4572 Deum
1689 4515 1724 4573 et
1737 4498 1871 4574 Filium
1894 4501 1968 4574 eius
1984 4498 2184 4580 Dominum
2200 4523 2268 4570 no-

1307 4783 1334 4855 6)
1353 4787 1439 4840 etiam
1460 4787 1556 4841 excidit
1571 4807 1585 4841 e
1600 4797 1668 4842 testu
1686 4787 1762 4850 Ried,

1307 4873 1334 4939 6)
1356 4866 1615 4938 perscinduntur.
1636 4875 1640 4880 “

1307 4955 1335 5021 7)
1355 4951 1419 5008 Per.
1434 4957 1588 5021 suspiceris.

1308 5041 1337 5106 8)
1356 5031 1489 5094 in'eomrn.
1505 5039 1652 5094 nonhabet
1668 5040 1732 5096 Per.

1308 5125 1337 5186 9)
1356 5123 1420 5178 Per.
1438 5129 1636 5179 accenduntur.

1309 5213 1352 5278 to>
1372 5209 1434 5264 Pes.
1453 5213 1697 5278 tranquillitatem.

1310 5299 1356 5368 11)
1375 5295 1437 5355 Pes.
1455 5295 1524 5350 Noli.

1310 5383 1355 5451 12)
1373 5383 1436 5438 Pes.
1450 5391 1514 5437 snos
1530 5400 1658 5454 pronon.
