4722 5808
182 253 257 323 787

120 413 125 418 ⁵
185 419 389 548 NQQ'
1040 438 1073 498 3.
1090 427 1151 494 Iul.

1008 520 1179 547 *um

539 625 589 706 F.
615 624 826 734 Myronis.

287 781 365 835 Edita
384 800 400 834 a
420 779 563 852 Snegsssio
581 801 624 854 ep.
644 782 688 836 2⁸.

189 927 415 1008 Clarissimo
432 937 527 1026 aira,
548 935 749 1010 eruditione
767 950 798 1010 el
814 939 948 1036 pietate
961 936 1181 1041 praestanti,

95 1093 101 1100 .
189 1037 245 1113 D.
272 1033 515 1110 Friderico
541 1038 783 1138 Myconio,
817 1035 971 1113 Pastori
995 1039 1183 1112 Ecclesiae

239 1136 459 1225 Gallicane,
487 1141 605 1213 amico
632 1155 663 1212 et
683 1142 902 1242 fratrissa
927 1143 1132 1216 carissimo.

191 1260 235 1350 S.
257 1276 302 1354 D.
362 1275 602 1372 Aequiescunt
635 1280 746 1350 animi
778 1281 829 1370 pii
859 1282 1046 1372 praecipue
1067 1280 1106 1347 in
1131 1279 1184 1347 le-

191 1381 307 1456 ctione
320 1381 463 1450 utilium
480 1379 701 1473 Scriptorum
719 1395 752 1454 et
770 1385 987 1472 precatione,
1001 1385 1090 1474 q'uae
1103 1381 1184 1474 qui-

133 1485 135 1490 ’
191 1484 272 1576 dem
289 1496 322 1554 et
338 1482 487 1552 lectione
502 1485 716 1556 accenditur.
765 1482 849 1552 ldeo
865 1487 1018 1554 libenter
1035 1484 1102 1553 tibi
1117 1507 1184 1550 no-

191 1608 253 1652 vas
273 1597 308 1654 et
326 1585 481 1674 eruditas
502 1585 766 1657 lucubrationes
786 1585 898 1658 mitto.
950 1585 1054 1654 Nunc
1077 1584 1185 1672 igitur

191 1685 322 1754 editam
342 1683 600 1756 enarrationem
619 1683 763 1768 Hastae
780 1688 862 1756 dedi
885 1681 1185 1758 Scrihaeer-

192 1779 433 1872 tershusano,
457 1801 499 1860 ut
520 1788 588 1858 tibi
612 1785 784 1858 exhibeat.
843 1788 1065 1878 Significabis
1089 1810 1185 1874 ergo,

192 1911 237 1956 an
255 1887 439 1977 acceperis.
489 1891 534 1957 In
554 1889 805 1960 distributione
826 1875 1085 1981 stipendiorum
1113 1891 1185 1958 duo

193 2003 279 2058 sunt
294 1982 468 2058 Gothori
488 1991 682 2076 nominati,
707 1991 837 2084 quibus
859 1993 929 2061 iam
943 2015 1026 2062 suae
1043 1992 1186 2082 pensio-

192 2111 255 2158 nes
278 2104 481 2162 numeratae
501 2106 594 2166 sunt.
652 2091 744 2162 Nam
768 2087 887 2189 Bopii
909 2093 1057 2184 pecunia
1079 2115 1186 2184 penes

192 2216 249 2270 me
272 2206 343 2278 est,
370 2194 466 2286 quod
488 2194 521 2262 ei
544 2195 653 2264 velim
674 2193 836 2266 indicari.
888 2193 1013 2264 Plures
1027 2196 1066 2263 in
1082 2191 1187 2264 Cata-

143 2309 146 2316 *
193 2293 274 2384 logo
291 2307 481 2364 nouerant
505 2296 639 2388 scripti.
689 2293 744 2364 De
761 2290 909 2366 Adamo
924 2292 1017 2371 N..
1038 2319 1186 2385 respon-

193 2395 246 2465 dit
270 2394 457 2488 Princeps,
492 2398 629 2486 placere
652 2397 739 2480 sibi,
771 2413 811 2468 ut
832 2399 938 2468 detur
961 2400 1027 2468 eia
1053 2391 1186 2470 Wan-

191 2489 384 2590 genhemio
408 2497 637 2590 stipendium.
694 2495 779 2570 Non
799 2499 908 2588 igitur
933 2495 1018 2571 huic
1040 2493 1187 2567 Adrano

194 2623 235 2674 ex
259 2597 339 2670 aula
356 2599 504 2674 missum
521 2614 582 2672 est.
633 2594 687 2670 Ac
702 2602 902 2690 prodesset,
929 2615 963 2671 te
978 2625 1121 2685 curare,
1147 2613 1188 2670 ut

193 2693 379 2794 Quaestor
394 2714 507 2772 vester
522 2701 668 2774 nomine
693 2695 992 2795 Wangenhemii
1008 2703 1040 2771 ei
1055 2705 1189 2794 pende-

193 2815 258 2870 ret.
308 2801 405 2872 Bene
426 2804 516 2876 vale.
575 2801 694 2874 Vidua
717 2799 902 2874 Mantelii
928 2806 1056 2874 misera
1082 2807 1188 2876 etiam

194 2898 311 2972 adbuc
327 2905 475 2974 sollicita
492 2919 666 2996 exspectat
687 2907 886 2996 pecuniam.
937 2905 1017 2995 Qua
1035 2907 1074 2974 in
1096 2929 1136 2975 re
1158 2905 1188 2974 si

162 3015 163 3020 ’
195 3005 279 3096 quid
304 3005 359 3094 agi
380 3020 513 3098 potest,
549 3031 679 3102 quaeso
702 3009 874 3082 annitere.
942 3007 1075 3078 lterum
1100 3008 1189 3080 vale.

195 3107 230 3178 3.
252 3103 346 3182 lulii.
428 3151 431 3156 -
660 3137 663 3144 ¹
704 3105 895 3202 Philippus
913 3105 1139 3183 Melanthea.

195 3503 262 3574 No.
285 3499 396 3571 3216.

199 3595 371 3628 M

1054 3519 1086 3582 8.
1105 3509 1164 3574 lut.

1020 3602 1190 3630 Μ

488 3702 548 3788 Μ.
578 3703 889 3817 Meienbargio.

279 3835 382 3934 'epar
399 3859 447 3916 ta.
465 3859 501 3914 v.
517 3879 545 3933 p.
562 3861 615 3917 oso
632 3879 673 3933 sq.
928 3855 932 3860 ·

194 4009 253 4085 M
258 4006 793 4108 ichacliMeienburgio
812 4009 1186 4108 (consuiiNorthus.)

195 4139 241 4232 S·
267 4162 313 4238 D.
361 4161 430 4233 Dei
444 4160 615 4232 beneficio
631 4159 697 4230 filii
717 4175 809 4250 pecte
827 4161 965 4245 valent,
987 4175 1021 4230 et
1037 4163 1188 4233 discunt.

195 4260 345 4336 Reversi
359 4259 429 4335 huc
445 4263 660 4346 narrabant,
685 4285 750 4332 vos
774 4255 1035 4332 Wormatiam
1054 4267 1189 4333 reditu-

196 4389 273 4446 ros,
301 4368 397 4460 quod
422 4365 566 4434 moleste
589 4363 756 4436 ferebam.
816 4362 925 4453 Quod
948 4364 1043 4433 enim
1066 4365 1104 4433 in
1127 4365 1189 4434 illa

196 4467 403 4538 confusione
420 4465 653 4535 consiliorum
670 4464 801 4552 agetis?
852 4452 1016 4534 Carolus
1032 4463 1189 4557 Impera-

196 4581 253 4640 tor
274 4591 375 4658 aegre
394 4569 479 4651 lert,
504 4580 644 4637 nostros
667 4565 762 4636 nolle
782 4565 921 4660 Synodi
945 4567 1079 4638 iudicio
1108 4593 1187 4660 per-

194 4671 335 4741 mittere
365 4665 628 4739 Ecclesiasticus
659 4670 935 4750 controversias‚
977 4682 1013 4739 et
1044 4684 1189 4761 propter

125 4848 128 4854 ,
194 4767 287 4841 banc
305 4770 536 4842 offensionem
560 4793 621 4840 seu
644 4768 928 4860 indignationem
948 4771 1097 4857 dicitur,
1124 4796 1187 4841 nec

195 4875 238 4944 de
254 4874 398 4944 caeteris
415 4873 521 4943 rebus
535 4896 632 4942 nunc
648 4873 837 4966 quicquam
853 4896 965 4963 agere.

294 4974 404 5046 Periti
425 4999 544 5046 rerum
566 4973 852 5044 Pannonicarum
872 4975 974 5062 aiunt
994 4971 1185 5043 'l'urcicnm

198 5076 227 5098 ’“’
300 5097 402 5120 ’···*
424 5073 492 5150 bec
509 5101 618 5204 appppp
632 5101 706 5172 non
724 5089 914 5148 venturum
937 5099 1010 5144 esse
1035 5076 1072 5144 in
1091 5073 1185 5145 Pan-

240 5150 271 5218 es)
289 5147 417 5202 Fortasse
430 5145 542 5193 astru.
619 5157 684 5190 ιιιω.
1029 5205 1049 5237 η

240 5235 289 5306 re)
315 5230 378 5286 vit.
398 5221 540 5294 degeneri
560 5219 680 5276 liliorum
699 5219 803 5294 Meuii,
827 5180 938 5276 Euiebtl
958 5173 1183 5299 itliusliuffiff·

277 5302 348 5360 stola
362 5291 550 5351 Melantbonis
568 5292 601 5346 ad
621 5291 746 5345 Meuium
771 5292 831 5347 data
852 5293 877 5346 d.
900 5292 927 5346 9.
946 5291 1040 5365 Septb.
1061 5293 1153 5358 1545..
1171 5317 1201 5352 ex

276 5391 330 5448 qua
342 5361 519 5436 intelligitur,
528 5363 598 5418 banc
611 5359 751 5433 epistolam
765 5360 822 5416 lere
837 5379 930 5417 mense
945 5362 1025 5419 lanio
1039 5365 1114 5423 154⁵.
1129 5368 1201 5424 scri·

276 5454 351 5518 ptam
366 5453 433 5492 esse.

758 249 1200 330 uetsroaanutt
1257 253 1365 332 LlB.
1399 252 1463 334 Ill.
1517 253 1663 334 1545..

2153 265 2233 336 788

1234 426 1426 496 discordias
1450 452 1535 500 esse.
1594 427 1773 501 Dominus
1805 448 1925 504 noster
1948 433 2045 505 Iesus
2068 433 2237 507 Christus

1234 541 1331 618 regat
1346 543 1380 599 et
1395 545 1508 600 servet
1522 529 1697 601 Ecclesias
1721 547 1755 604 et
1771 532 1927 632 Politias2
1940 551 2079 607 nostras
2105 552 2140 608 et
2156 561 2236 612 nos.

1234 627 1332 700 Bene
1355 631 1477 702 valete.
1529 631 1564 703 8.
1585 630 1681 706 lulii.
1735 647 1741 656 '

1949 687 1952 702 Ι
1977 735 2182 833 Philippus.

1236 1087 1302 1159 No.
1318 1086 1432 1162 3217.

1242 1183 1414 1214 Μ

2084 1099 2218 1170 10.1u1.

2061 1191 2238 1220 m

1527 1307 1532 1316 ’
1622 1286 1658 1373 Ι.
1685 1287 1831 1373 lonae.

1277 1441 1393 1514 Epistol.
1405 1441 1453 1499 lib.
1465 1441 1500 1499 V.
1512 1461 1540 1515 p.
1550 1443 1611 1498 106.
1627 1473 1664 1484 -
1697 1447 1801 1518 Apage.
1816 1449 1844 1502 in
1855 1447 2051 1522 cod..Guelpb.
2071 1469 2118 1505 no.
2134 1452 2176 1506 11.
2193 1453 2240 1504 10.

1559 1595 1699 1670 Iusto
1725 1598 1887 1672 Ionae.

1236 1705 1280 1794 S.
1306 1727 1352 1804 D.
1391 1729 1460 1802 Dei
1475 1733 1646 1804 beneficio
1662 1730 1778 1806 adbuc
1795 1738 1939 1830 quidem
1956 1733 2119 1833 εἰρηνικὰ
2136 1762 2243 1806 nun-

1238 1828 1378 1902 ciantur
1400 1858 1440 1903 ex
1464 1837 1553 1904 urbe
1576 1831 1621 1910 V
1617 1836 1834 1930 angiorum.
1892 1828 2055 1908 Carolus
2076 1837 2244 1931 Impera-

1238 1941 1295 2002 tor
1312 1935 1356 2003 de
1371 1938 1585 2026 perterrendo
1602 1939 1781 2033 colloquio
1798 1937 2052 2028 Eruditorum,
2075 1945 2171 2034 quod
2196 1941 2243 2008 in

1238 2035 1386 2124 priorib.
1404 2039 1638 2108 conventibus
1662 2041 1862 2112 institutum
1885 2057 1955 2128 est,
1981 2043 2170 2112 deliberat:
2203 2056 2246 2112 et

1238 2137 1278 2204 in
1312 2162 1353 2206 eo
1380 2140 1530 2208 consilio
1555 2165 1825 2231 permansurum
1860 2167 1897 2213 se
1923 2167 1997 2213 esse
2022 2144 2242 2238 ostendit¹)‚

1239 2239 1376 2307 etiamsi
1400 2239 1584 2311 Pontificia
1609 2244 1715 2314 factio
1740 2247 1956 2318 adversetur.
2012 2243 2116 2334 Legi,
2142 2269 2243 2336 qnae

1240 2339 1515 2432 declarata²)‘et
1538 2345 1680 2433 publice
1705 2339 1861 2416 exhibita
1884 2359 1986 2430 sunt,
2024 2360 2058 2415 et
2082 2346 2147 2416 tibi
2170 2349 2244 2414 de-

1240 2442 1368 2532 scripta
1384 2443 1568 2525 misissem,
1586 2447 1654 2512 nisi
1669 2447 1787 2516 statim
1803 2449 1903 2516 aulae
1918 2447 2126 2517 remittenda
2144 2447 2244 2516 luis-

1240 2555 1328 2616 sent.
1387 2543 1526 2615 Rursus
1551 2545 1659 2634 igitur
1681 2543 1726 2616 D.
1748 2535 1954 2618 Chilionus
1979 2549 2163 2618 nobiscum
2188 2551 2244 2616 ad

1241 2645 1458 2737 colloquium
1475 2645 1777 2745 proficiscetur⁵),
1796 2663 1831 2720 et
1843 2649 1977 2720 librum
1992 2645 2245 2722 Wormatiae

1241 2748 1452 2816 adornatum
1484 2750 1529 2818 ad
1559 2749 1782 2841 excipiendas
1813 2765 1951 2820 nostras
1976 2751 2244 2842 disputationes

1241 2871 1359 2917 secum
1380 2850 1485 2935 feret,
1518 2863 1559 2920 ut
1580 2875 1676 2922 nunc
1703 2875 1778 2921 non
1797 2849 1947 2922 Eccium
1971 2847 2159 2948 κράζοντα
2182 2893 2242 2908 ·-

1241 2942 1345 3042 —*)
1370 2951 1512 3036 audiat,
1544 2953 1603 3020 sed
1635 2954 1787 3040 argutias
1820 2949 2087 3041 Tbeologorum
2117 2955 2243 3024 Lora-

1242 3052 1419 3120 niensium
1429 3046 1489 3148 **)
1512 3055 1647 3142 redigat
1666 3055 1705 3122 in
1721 3053 2039 3129 Commentarinm.
2093 3054 2243 3127 Recen-

1242 3153 1333 3221 tiora
1355 3177 1431 3221 non
1451 3149 1658 3235 babuimus,
1686 3168 1719 3225 et
1750 3150 1842 3224 banc
1867 3157 2105 3226 narrationem
2130 3159 2243 3227 vobis

1243 3277 1317 3322 non
1334 3255 1507 3344 ingratam
1525 3277 1598 3324 esse
1612 3279 1725 3347 spero.
1751 3253 1845 3326 Filio
1861 3253 1967 3327 hodie
1982 3260 2080 3330 misit
2088 3253 2244 3352 Wag-

1244 3351 1363 3439 larus,
1395 3356 1450 3423 vir
1470 3357 1592 3425 doctus
1612 3373 1647 3430 et
1667 3353 1854 3442 honestus,
1883 3360 2100 3448 gubernator
2120 3357 2242 3432 Scho-

1243 3455 1297 3524 lae
1326 3453 1653 3544 Wratislaviensis,
1686 3451 1945 3530 adolescentem
1964 3461 2037 3530 filio
2067 3463 2241 3532 erudien-

1243 3558 1342 3630 dum.
1401 3556 1500 3629 Bene
1522 3559 1609 3632 vale.
1666 3557 1736 3629 lae
1756 3561 1867 3631 natali
1890 3561 1984 3631 filiae
2011 3587 2108 3633 meae
2130 3562 2240 3654 ll‘lag-

1243 3659 1401 3735 dalenae.
1885 3691 1893 3698 ·

1254 4037 1321 4112 No‘.
1337 4043 1449 4116 8218.

1242 4141 1454 4178 m

1624 4243 1662 4325 I.
1691 4241 1862 4354 Longo.

1307 4416 1392 4488 Epist.
1406 4416 1453 4473 lib.
1468 4415 1517 4472 vt.
1531 4435 1559 4490 p.
1574 4415 1626 4499 118
1638 4436 1678 4488 sq.
1698 4444 1731 4460 -
1760 4418 1946 4541 Appgrapbon
1961 4419 1989 4472 in
2004 4419 2069 4475 cod.
2083 4417 2239 4475 Gorneas.

1339 4505 1366 4557 p.
1378 4485 1461 4546 ttob.
1478 4518 1514 4528 -
1548 4483 1601 4542 tlte
1618 4505 1648 4540 ex
1662 4495 1792 4560 autograp
1812 4506 1829 4540 ο
1843 4497 1871 4541 nt
1885 4488 1949 4544 cod.
1965 4489 2078 4544 Monac.
2093 4487 2113 4542 l.
2129 4508 2158 4559 p.
2172 4490 2238 4542 340.

1248 4645 1456 4664 *nn-u·

1274 4760 1300 4826 1)
1319 4756 1389 4812 Cod.
1403 4755 1521 4828 Guelpb.
1536 4773 1568 4809 se
1580 4755 1737 4808 contendit.

1273 4841 1302 4907 2>
1320 4840 1388 4896 cod.
1404 4839 1519 4910 Guelpb.
1532 4839 1700 4890 deliberata.

1271 4927 1301 4996 8)
1321 4927 1389 4982 cot.
1406 4923 1524 4996 Guelpb.
1538 4921 1735 4992 proficiscitur.

1270 5023 1299 5095 *l
1317 5023 1368 5108 llic
1383 5023 1516 5094 quaedam
1529 5019 1636 5107 desupt.
1662 5017 1941 5089 Cod.Guelpb.babet
1955 5020 1983 5074 in
1999 5027 2156 5097 apographo
2170 5031 2236 5084 mihi

1302 5100 2235 5233 titt?²ttttt'tz'rttttttt:guttett‘ftftttttttle

1303 5254 1368 5290 nam
1387 5233 1414 5292 d.
1433 5233 1459 5288 2.
1475 5233 1499 5287 Α
1521 5251 1543 5285 r.
1562 5231 1637 5286 1530.
1658 5236 1683 5280 et
1703 5229 1781 5299 epist.
1797 5228 1865 5284 Mel.
1880 5226 1913 5280 ad
1929 5177 2082 5286 irutberum
2095 5233 2231 5296 dclickio,

1312 5302 1552 5398 ·t.nrs.1s..·t
1570 5299 1709 5370 aram·
1753 5401 1781 5436 w
1835 5397 1842 5432 Ι

1685 5402 1690 5418 ’
1715 5405 1724 5418 ’
1800 5399 1817 5434 ²³
1843 5419 1849 5430 ·
1876 5417 1900 5452 a.
