4670 5806
122 419 124 424 ’
223 407 289 480 No.
308 404 420 478 8081.

219 235 294 312 585

1030 390 1214 477 (25.N⁰v·)

230 507 443 542 w
1045 482 1213 512 Μ

622 547 700 676 Ν.
729 586 785 672 n.

295 766 315 835 †
336 761 370 814 Er
383 753 538 830 apographo
553 743 660 808 ineod.
673 749 786 806 Monac.
799 747 842 803 88.
854 765 901 802 no.
916 743 1075 818 lV.p.2ii.
1093 771 1130 785 -
1162 739 1217 796 Vi-

330 831 364 885 de
375 826 514 900 epistolam
527 820 744 878 antecedentem.

508 957 760 1058 Magdeburg.
782 953 941 1030 cuidam.

228 1115 297 1201 (Sis
310 1119 344 1178 in
356 1111 423 1176 ood.
439 1108 627 1181 inscribitur,
654 1103 705 1163 sed
724 1112 768 1162 est
784 1100 910 1162 fortasse
930 1095 974 1158 od
988 1093 1217 1159 concionatores

572 1201 715 1280 Magdob.
732 1202 880 1282 scripta.)

228 1331 273 1423 S.
298 1345 345 1422 D.
393 1337 537 1413 Beatus
565 1332 632 1452 poi
661 1323 839 1423 intelligit
866 1349 976 1423 snper
1010 1347 1160 1420 egenum
1186 1331 1218 1392 et

228 1468 443 1551 pauperem:
469 1441 509 1510 in
535 1432 594 1506 dte
616 1430 721 1504 mala
749 1427 921 1501 liberabit
940 1451 1018 1498 eum
1036 1422 1218 1500 dominus.

229 1552 280 1625 Ut
297 1551 405 1640 igitur
419 1544 518 1616 Deus
530 1539 666 1628 mitiget
680 1535 840 1628 publicas
856 1545 891 1601 et
905 1531 1059 1623 privatas
1075 1529 1219 1598 calami-

229 1667 336 1736 tates,
368 1671 435 1716 nos
459 1663 601 1738 quoque
624 1659 727 1730 opem
750 1636 903 1704 feramus
926 1631 1077 1714 miseris,
1103 1653 1217 1724 quan-

230 1771 307 1827 tum
336 1749 484 1844 quisque
510 1767 574 1812 suo
603 1741 681 1808 loco
711 1748 837 1831 potest.
902 1731 982 1803 Etsi
1005 1747 1121 1802 autern
1145 1731 1216 1799 scio

230 1878 328 1928 nunc
351 1845 567 1941 respublicas
587 1841 683 1910 varie
704 1849 866 1908 oneratas
889 1857 982 1918 esse,
1003 1847 1123 1903 tamen
1142 1855 1216 1900 non

231 1952 416 2028 deserendi
437 1959 520 2018 sunt
543 1943 739 2014 sacerdotes
759 1936 898 2020 miseri,
923 1958 1011 2028 quos
1030 1932 1217 2024 praecipue

229 2056 336 2128 nobis
364 2039 463 2123 Deus
487 2042 761 2118 commendavit.
825 2036 946 2126 Quare
979 2058 1043 2105 vos
1073 2047 1218 2126 propter

229 2157 347 2232 Deum
371 2168 405 2224 et
418 2148 616 2225 Dominum
637 2157 800 2213 nostrum
818 2137 934 2208 lesum
949 2132 1131 2208 Christum
1153 2159 1219 2207 oro

228 2275 266 2331 et
286 2259 461 2337 obtestor,
492 2262 534 2320 ut
562 2243 660 2316 hune
682 2243 898 2314 sacerdotem
927 2262 1047 2308 senem
1075 2261 1217 2306 coecum

228 2353 357 2432 misere
370 2363 556 2444 vagantem
571 2371 651 2418 cum
667 2344 783 2438 parvis
797 2341 919 2413 liberis
932 2339 1009 2408 sine
1024 2351 1125 2420 tecto,
1143 2361 1219 2406 am-

226 2459 381 2556 plissimi
404 2451 553 2529 Senatui
571 2461 687 2520 vestro
704 2442 978 2525 commendetis,
1001 2452 1044 2510 ut
1063 2439 1217 2531 aliquem

229 2565 264 2635 ei
289 2562 417 2630 nidum
439 2553 619 2627 attribuat.
673 2543 895 2618 Adficiamnr
917 2541 1053 2631 ingenti
1072 2537 1218 2610 calami-

228 2678 300 2737 tate
324 2655 530 2740 sacerdotis,
553 2649 705 2723 utDeus
726 2647 830 2716 nobis
846 2667 986 2738 quoque
1007 2655 1145 2711 nostras
1159 2663 1217 2710 ae-

228 2785 375 2836 rumnas
391 2757 512 2830 leniat.
570 2751 655 2822 Fuit
670 2745 729 2819 hic
743 2770 843 2818 meus
861 2741 1008 2836 hospes,
1033 2757 1067 2813 et
1084 2743 1217 2810 instru-

229 2881 306 2937 ctus
321 2863 446 2951 exiguo
460 2855 588 2926 viatico
605 2855 650 2923 ad
667 2874 748 2922 suos
765 2849 897 2920 liberos
910 2845 1028 2930 rediit,
1052 2844 1114 2938 qni
1132 2855 1217 2912 sunt

228 2968 268 3040 io
291 2977 406 3034 vostro
428 2956 623 3038 suburbio,
647 2954 743 3024 unde
765 2952 804 3019 in
827 2939 904 3041 ipsb
925 2947 1072 3018 brumae
1086 2945 1215 3033 frigore

228 3068 377 3138 eiicitor.
426 3059 500 3132 Nec
529 3079 615 3127 vero
647 3065 762 3146 potest
795 3051 864 3128 iam
898 3048 1023 3142 procul
1053 3046 1217 3134 migrare.

229 3169 348 3258 Quare
372 3162 517 3254 recipite
540 3177 637 3228 nunc
658 3155 851 3236 Lazarum,
886 3165 920 3220 et
944 3149 1072 3218 misero
1094 3143 1216 3236 hospi-

226 3271 318 3340 tium
330 3262 584 3360 aliquantisper
600 3258 772 3349 praebete.
822 3252 893 3322 Pro
908 3247 974 3319 hoc
989 3249 1105 3319 officio
1117 3245 1216 3317 Deus

226 3367 330 3440 vobis
344 3381 378 3438 et
391 3361 543 3457 reipubl.
558 3358 715 3452 praemia
728 3367 822 3425 certo
837 3353 1040 3422 redditurus
1054 3362 1116 3424 est.

228 3569 1215 3606 W

226 3761 293 3836 No.
307 3760 421 3848 ⁸082,

1066 3756 1124 3822 25.
1137 3749 1217 3816 Nor.

232 3855 406 3890 ww
1073 3842 1203 3868 Μ

604 3927 851 4043 Proffotio.

233 4099 234 4104 ¹
294 4102 432 4160 Praefatio
445 4101 590 4176 praemisse
605 4099 693 4154 libro:
711 4135 727 4162 ,.
736 4097 853 4153 Divinae
866 4095 1015 4166 scripturae
1025 4094 1087 4148 vet.
1102 4111 1134 4147 ac
1145 4089 1216 4174 Npei

327 4171 492 4228 Testamenti
518 4169 611 4224 omnia
632 4193 668 4209 —
692 4195 728 4208 -
757 4165 945 4220 emendatiora
969 4165 996 4216 in
1021 4163 1110 4215 locem
1135 4161 1216 4214 edita.

343 4240 467 4301 Graece.)
491 4236 572 4292 Basil.
593 4255 641 4306 per
658 4235 697 4289 lo.
712 4234 858 4304 liervagen.
879 4232 968 4298 1545,
991 4248 1085 4282 mense
1102 4227 1214 4296 Martio,

328 4243 397 4364 low·
410 4335 445 4351 -
463 4304 577 4375 Legitur
589 4302 670 4357 etiem
684 4304 713 4356 in
728 4301 836 4356 libello:
855 4297 1065 4355 Commendatio
1080 4306 1105 4349 et
1119 4295 1214 4350 defen·

328 4379 369 4432 sio
382 4395 412 4432 se
430 4373 549 4446 turginta
561 4371 740 4442 interpretum
756 4368 889 4425 versionis
905 4386 920 4420 a
936 4367 974 4420 lo.
983 4365 1132 4418 Pearsonio
1148 4367 1214 4419 arri·

335 4455 390 4520 pta.
409 4395 523 4500 Eelmst.
532 4437 608 4494 1898.
625 4441 652 4492 t.
689 4437 724 4508 (E
737 4439 808 4494 libro
823 4435 907 4511 priori
921 4432 1214 4504 descriptaabunaio.)

300 4561 502 4700 Philippos
526 4586 806 4667 Metancttton
830 4590 910 4690 pio
935 4583 1136 4664 Lectori.

220 4717 404 4829 Magnum
433 4747 469 4804 et
500 4729 749 4801 admirandum
773 4750 862 4818 opos
888 4724 956 4795 Dei
987 4735 1038 4792 est
1061 4723 1150 4792 coeli
1177 4737 1211 4794 ct

220 4942 380 5020 minum,
405 4950 447 5009 ut
467 4935 515 5004 ita
539 4931 672 5014 dicam,
697 4929 895 4998 fabricatio:
920 4929 982 4996 sed
1004 4925 1117 4994 multo
1134 4951 1207 4996 ma·
1256 4941 1409 4998 recusat:
1435 4928 1610 5022 promittit
1625 4929 1719 5000 bona
1735 4930 1851 5000 omnis
1864 4933 2002 5020 generis
2018 4943 2051 5000 et
2067 4943 2265 5001 aeternam¹
2329 4947 2330 4988 t

218 5043 276 5114 ius
290 5055 360 5126 est,
386 5039 482 5133 quod
498 5031 650 5104 conditis
667 5031 771 5100 rebus
783 5027 880 5099 Deus
894 5051 930 5096 se
945 5027 1064 5118 generi
1079 5021 1206 5096 huma·
1255 5027 1415 5103 salutem.
1472 5027 1575 5100 Hanc
1596 5033 1776 5121 ingentem
1807 5031 2086 5102 misericordiam
2119 5053 2247 5121 magna
2329 5077 2330 5100 t

795 209 1240 296 ur1s'ront1ttto1
1296 207 1497 288 Lta.tx.
1550 208 1680 290 root.
1758 241 1765 248 ·

2177 213 2258 290 oso
2329 189 2330 266 i

1263 381 1371 454 semel
1392 394 1530 454 tautum
1551 382 1725 454 allocutus
1740 380 1986 471 esthamma,
2011 387 2072 456 sed
2094 365 2195 478 saepe
2214 409 2259 456 ac
2329 421 2330 424 ¹

1265 484 1377 554 multa
1401 483 1584 576 perspicua
1609 485 1809 556 testimonia
1839 510 1922 558 suae
1942 487 2040 558 vocis
2061 487 2187 556 edidit:
2215 501 2259 556 ut

1266 585 1498 656 servationem
1509 581 1632 654 Nohae
1647 585 1686 654 in
1701 587 1857 672 diluvio,
1880 588 2102 658 eductionem
2118 589 2258 658 miran-

1266 689 1349 756 dam
1372 685 1504 778 Populi
1532 710 1572 756 ex
1593 681 1774 782 Aegypto,
1805 702 1841 758 et
1865 690 1993 759 deinde
2013 690 2141 760 multa:
2181 691 2259 758 ius-

1267 788 1311 858 sit
1326 787 1436 856 solem
1459 788 1667 872 consistere,
1693 789 1795 859 iussit
1813 791 1952 880 regredi
1971 791 2099 870 solem,
2125 791 2261 860 excita-

1266 889 1320 958 vit
1335 901 1504 962 mortuos.
1554 884 1632 958 Etsi
1648 903 1765 958 autem
1781 914 1907 981 magna
1928 916 2009 983 pars
2025 891 2162 981 generis
2185 885 2260 960 hu-

1265 989 1364 1059 mani
1387 991 1443 1058 vel
1465 1013 1540 1060 non
1562 991 1730 1075 attendit,
1760 991 1816 1060 vel
1838 994 1971 1084 spernit
1992 987 2077 1062 haec
2096 992 2261 1081 ingentia

1265 1092 1374 1161 facta:
1407 1104 1525 1160 tamen
1544 1089 1642 1162 Deus
1666 1087 1859 1162 Ecclesiam
1883 1093 1952 1163 sihi
1975 1095 2060 1162 inde
2081 1116 2196 1186 usqne
2211 1096 2260 1163 ab

1267 1191 1371 1262 initio
1403 1191 1565 1282 collegit,
1600 1217 1641 1263 ac
1662 1193 1845 1270 'mirandis
1875 1195 1991 1264 modis
2020 1195 2191 1277 servavit,
2226 1209 2262 1265 et
2329 1201 2330 1248 t

1268 1315 1405 1384 semper
1424 1305 1626 1363 servaturus
1648 1307 1714 1364 est:
1748 1317 1854 1388 quam
1876 1296 1955 1366 vult
1975 1309 2099 1366 testem
2126 1318 2201 1364 esse
2226 1311 2261 1366 et

1268 1389 1397 1464 horum
1436 1395 1609 1465 factorum
1648 1409 1683 1464 et
1719 1397 1912 1471 doctrinae.
1978 1394 2073 1467 Huic
2105 1399 2262 1466 manda·

1268 1495 1341 1580 vit,
1365 1508 1406 1565 ut
1426 1489 1611 1566 historiam
1630 1495 1800 1567 scriberet
1821 1493 1948 1568 harum
1968 1497 2262 1590 patefactionum,

1267 1609 1302 1666 et
1322 1595 1488 1666 traditam
1512 1597 1709 1666 doctrinam
1731 1599 1835 1668 certis
1854 1613 1890 1670 et
1918 1598 2097 1690 perpetuis
2124 1623 2261 1668 monu-

1266 1697 1396 1768 mentis
1411 1691 1612 1770 asservaret.
1663 1694 1717 1768 Ac
1734 1721 1873 1791 semper
1890 1699 1927 1768 in
1944 1699 2075 1770 illustri
2091 1699 2171 1769 loco
2186 1698 2261 1770 Ec-

1267 1798 1408 1867 clesiam
1429 1798 1615 1868 collocavit
1638 1823 1677 1868 ac
1701 1801 1857 1892 conspici
1879 1801 2012 1885 voluit,
2035 1815 2075 1872 nt
2096 1801 2260 1894 reliquae

1267 1913 1386 1988 gentes
1407 1900 1588 1986 audirent,
1614 1923 1686 1968 esse
1703 1915 1840 1972 coetum
1860 1904 2037 1996 quendam
2054 1897 2260 1987 hominum,

1267 2000 1569 2072 circumferentem
1592 2003 1790 2072 doctrinam
1821 2017 1915 2073 certa
1938 2026 2022 2072 voce
2041 1999 2109 2072 Dei
2141 2004 2260 2073 tradi-

1268 2113 1358 2186 tam,
1383 2126 1487 2194 aquo
1504 2115 1605 2172 coetu
1619 2100 1716 2172 Dens
1729 2105 1814 2176 velit
1828 2105 1899 2195 peti
1916 2105 2111 2173 doctrinam
2129 2105 2174 2172 de
2190 2099 2261 2174 ho-

1266 2202 1405 2272 minum
1420 2203 1531 2272 salute
1548 2217 1580 2273 et
1597 2205 1640 2272 de
1656 2229 1736 2274 vera
1753 2205 1985 2276 invocatione.
2011 2203 2145 2274 Errant
2157 2207 2259 2274 enim

1266 2303 1370 2373 multi
1392 2327 1554 2395 perverse
1575 2305 1768 2395 sapientes,
1798 2307 1860 2400 qui
1883 2307 2145 2396 imaginantur,
2173 2307 2261 2375 nnl-

1266 2404 1338 2472 lam
1361 2405 1400 2472 in
1423 2399 1490 2474 hoc
1512 2406 1605 2474 libro
1632 2403 1810 2476 Ecclesiae
1833 2409 2031 2477 doctrinam
2063 2407 2171 2476 aliam
2197 2422 2259 2478 aut

1267 2505 1450 2574 meliorem
1466 2507 1658 2591 contineri,
1677 2531 1783 2601 qnam
1798 2509 2009 2579 :italiorum
2025 2509 2185 2598 gentium
2202 2533 2259 2576 sa-

1267 2605 1400 2696 pientia
1424 2609 1468 2675 de
1488 2605 1587 2692 Deo,
1621 2610 1666 2678 de
1688 2610 1839 2678 vinculis
1868 2601 2043 2680 humanae
2066 2609 2260 2696 societatis,

1266 2707 1311 2776 de
1330 2708 1586 2797 gubernatione
1602 2704 1810 2791 hominum,
1836 2712 1880 2780 de
1895 2711 1999 2780 bonis
2012 2709 2183 2779 moribus.

1368 2807 1422 2878 Ac
1436 2810 1617 2880 sciendum
1635 2823 1703 2897 est,
1729 2813 1833 2900 longe
1850 2812 1954 2880 aliam
1969 2811 2179 2902 sapientiam
2198 2806 2259 2882 hic

1266 2910 1453 2982 contineri.
1505 2909 1634 3000 lngens
1658 2925 1690 2981 et
1714 2913 1892 2982 infinitum
1913 2912 2103 2981 discrimen
2124 2925 2177 2981 est
2199 2913 2259 2980 in-

1265 3023 1319 3080 ter
1333 3011 1445 3100 legem
1459 3009 1528 3080 Dei
1552 3012 1695 3082 insitam
1725 3015 1887 3083 omnium
1911 3013 2106 3098 mentibus,
2130 3015 2259 3083 nobis·

1265 3136 1345 3180 cum
1360 3127 1580 3198 nascentem,
1602 3127 1637 3182 et
1651 3127 1771 3183 notam
1787 3115 1953 3184 omnibus
1976 3115 2159 3203 gentibus,
2186 3139 2259 3182 un-

1265 3214 1309 3282 de
1326 3214 1486 3282 doctrina
1507 3215 1667 3284 omnium
1692 3215 1848 3304 gentium
1864 3217 1908 3284 de
1932 3215 2190 3304 gubernatione
2205 3217 2259 3285 ci-

1265 3313 1328 3380 vili
1346 3317 1437 3383 etde
1453 3315 1557 3384 bonis
1570 3317 1730 3384 moribus
1745 3327 1827 3386 nata
1844 3329 1913 3400 est,
1940 3331 1973 3388 et
1989 3317 2081 3384 inter
2100 3317 2259 3406 promis·

1266 3414 1399 3482 sionem
1419 3416 1591 3504 prolatam
1611 3440 1651 3485 ex
1665 3417 1745 3485 sinu
1761 3419 1894 3487 aeterni
1912 3417 2042 3509 patris,
2067 3419 2111 3484 de
2127 3441 2257 3486 recon-

1266 3514 1446 3584 ciliatione
1460 3515 1598 3604 generis
1614 3513 1780 3602 humani,
1805 3517 1848 3586 de
1867 3518 2042 3588 abolendo
2061 3531 2204 3607 peccato
2222 3535 2257 3590 et

1265 3616 1438 3685 abolenda
1455 3633 1585 3697 morte,
1608 3621 1651 3687 de
1666 3613 1880 3689 restituenda
1896 3619 2006 3688 salute
2023 3632 2188 3702 aeterua,
2212 3622 2257 3688 de

1266 3717 1338 3785 filio
1360 3713 1428 3786 Dei
1451 3719 1656 3790 mediatore.
1706 3717 1809 3788 Hanc
1831 3744 1993 3789 arcanam
2016 3733 2051 3789 et
2072 3721 2258 3789 admiran-

1266 3821 1347 3887 dam
1379 3819 1604 3910 sapientiam,
1641 3843 1730 3912 qnae
1756 3835 1791 3891 et
1815 3821 1950 3908 angelis
1981 3833 2015 3889 et
2047 3815 2257 3892 hominihus

1265 3919 1384 4010 ignota
1399 3933 1471 3990 erat
1478 3971 1491 4004 ,
1516 3916 1613 3990 Deus
1626 3921 1796 3989 immensa
1812 3920 2053 3992 misericordia
2068 3923 2254 4012 patefecit;

1266 4016 1357 4089 hanc
1375 4022 1485 4090 scribi
1508 4021 1547 4090 in
1562 4016 1630 4091 hoc
1645 4021 1738 4091 libro
1753 4021 1888 4107 voluit,
1912 4035 1948 4092 et
1963 4015 2070 4091 huius
2084 4021 2171 4091 libri
2190 4047 2255 4092 cu-

1265 4121 1401 4190 stodem
1423 4147 1495 4192 esse
1524 4123 1627 4193 iussit
1646 4117 1851 4192 Ecclesiam.
1908 4119 1956 4194 Et
1985 4145 2088 4214 saepe
2118 4137 2256 4209 monet,
2329 4199 2330 4206 χ

1264 4221 1450 4313 praecipue
1464 4247 1501 4292 se
1515 4219 1601 4294 haec
1616 4223 1730 4293 officia
1754 4223 1932 4313 flagitare,
1958 4221 2162 4306 lectionem,
2191 4249 2255 4293 cu-

1264 4323 1432 4409 stodiam,
1469 4337 1504 4394 et
1534 4323 1822 4414 propagationem
1855 4319 1964 4395 huius
1995 4325 2092 4393 lihri.
2150 4323 2256 4396 Sicut

1263 4421 1387 4494 Esaias
1408 4436 1509 4494 vocat
1530 4447 1654 4493 omnes
1678 4425 1722 4494 ad
1744 4424 1857 4514 legem
1880 4427 1975 4496 etad
1997 4425 2255 4507 testimoninm,

1262 4549 1302 4594 ac
1324 4524 1483 4594 minatur
1508 4525 1655 4595 exitium
1680 4539 1714 4595 et
1734 4539 1892 4596 aeternas
1913 4527 2076 4596 tenebras
2098 4525 2162 4610 iis,
2188 4527 2253 4619 qui
2329 4527 2330 4580 l

1260 4619 1346 4694 haec
1353 4621 1422 4693 Dei
1440 4625 1638 4696 testimonia
1653 4627 1850 4716 negligunt.
1882 4625 1954 4698 Sed
1969 4651 1991 4696 o
2004 4627 2135 4696 ferreas
2148 4651 2252 4696 men·
2329 4669 2330 4724 3

1261 4738 1310 4795 tes
1326 4718 1532 4796 hominum!
1586 4725 1753 4798 Testatur
1766 4725 1881 4810 Deos,
1906 4751 1990 4798 cura
2012 4751 2049 4796 se
2071 4727 2175 4797 adfici
2190 4750 2251 4818 ge-
2329 4765 2330 4794 t

219 4839 382 4915 omniurn
396 4855 585 4927 corporum
601 4830 833 4922 omniumque
844 4825 1078 4896 animantium
1096 4839 1129 4895 et
1142 4819 1210 4896 ho·
1258 4827 1354 4895 neris
1369 4820 1535 4897 humani:
1558 4829 1703 4920 prodire
1724 4828 1826 4899 toties
1848 4842 1882 4899 et
1895 4829 2090 4920 patefacere
2112 4851 2149 4898 se
2174 4852 2248 4899 non
2329 4829 2330 4922 l

219 5169 268 5214 no
298 5141 403 5214 certis
432 5153 467 5209 ct
496 5133 694 5206 illustribus
721 5130 932 5202 testimoniis
959 5127 1138 5222 patefecit,
1171 5143 1205 5200 et
1253 5153 1333 5221 pars
1346 5130 1484 5220 generis
1496 5125 1645 5202 humani
1659 5131 1817 5223 negligit,
1831 5145 1894 5204 aut
1907 5145 2132 5224 aspernatur:
2147 5133 2243 5224 quod

217 5245 319 5340 quasi
337 5241 503 5335 prodiens
517 5261 558 5308 ex
571 5257 635 5307 sua
650 5257 776 5303 arcana
791 5233 874 5302 sede
889 5253 925 5301 se
940 5229 1113 5310 ostendit,
1131 5245 1203 5302 tra·
1252 5243 1287 5302 et
1305 5227 1429 5302 Esaias
1449 5233 1487 5303 in
1512 5233 1574 5304 illa
1596 5235 1672 5325 ipsa
1695 5233 1865 5304 concione
1886 5235 2006 5326 paullo
2029 5246 2112 5304 ante
2135 5233 2243 5304 citata
2329 5245 2330 5290 t

168 5367 172 5376 ¹
215 5347 292 5418 dita
310 5359 347 5417 et
367 5340 612 5415 commendata
628 5349 720 5409 certa
737 5335 891 5432 quadam
905 5332 1097 5420 doctrino·¹
1127 5329 1201 5407 Nec
1250 5331 1478 5408 considerans
1490 5357 1532 5408 ac
1543 5335 1733 5431 deplorans
1745 5334 1854 5428 petit,
1876 5333 2021 5409 utDrus
2036 5347 2157 5407 nmen
2170 5334 2241 5404 sibi
