4654 5804
210 169 334 314 aa
787 228 1222 310 sersaoneauu
1278 231 1480 315 mnu.
1535 201 1669 318 ι’σισ.
2173 247 2244 324 aas

209 403 399 484 Iudicium
430 399 509 481 Ph.
540 396 600 473 M
603 399 656 476 el.
686 427 788 474 anno
814 397 1063 480 M.D.XLV.
1100 401 1230 509 [codt
1340 404 1467 502 Aliqui
1483 408 1746 482 dissimulantes
1761 414 1916 504 agnitam
1934 418 2132 504 veritatem,
2157 443 2243 491 con-

210 508 339 588 Mehn.
363 534 458 584 anno
485 501 615 602 1548]
638 504 815 604 seraptem
835 503 877 578 de
898 501 979 592 his,
1004 505 1070 606 qui
1089 507 1201 577 vivere
1225 517 1229 654 i
1251 509 1395 581 firmant
1415 511 1597 594 saevitiam
1618 511 1770 603 Regum.
1825 515 1876 586 Hi
1898 518 2003 590 etiam
2026 522 2140 612 matris
2161 547 2242 615 peo-

210 621 390 710 cogunlur
427 609 521 680 inter
552 603 743 704 Papisius.
780 605 906 706 [inscr.
942 613 1036 702 apud
1069 607 1201 711 Perel]
1251 625 1351 697 cant,
1395 637 1500 706 quam
1526 637 1601 684 non
1626 616 1800 705 fugientes
1826 619 1933 694 idola.
2001 620 2155 715 Propter
2181 620 2242 696 has

210 717 347 794 Utrum
371 713 411 783 in
432 709 674 811 persecutione
700 709 807 782 liceat
831 707 1069 782 dissimulare
1091 735 1201 782 suam
1251 735 1406 800 caussas,
1430 715 1646 786 tutissimum
1670 732 1758 789 esset
1774 720 1953 794 discedere
1976 747 2017 794 ex
2039 726 2148 806 locis,
2181 727 2242 796 ubi

258 813 474 891 sententiam
496 809 539 884 de
561 810 801 908 Evangelio?
830 809 1032 910 [inscriptio
1055 817 1149 908 apud
1251 815 1492 886 defenduntur
1509 817 1625 889 cultus
1643 819 1835 892 idolorum.

609 914 805 1018 Riccium.]
1351 925 1430 1000 Sed
1441 927 1541 1002 dicat
1558 930 1720 1032 aliquis,
1746 960 1821 1006 non
1838 961 1961 1009 omnes
1979 963 2087 1038 posse
2109 937 2152 1009 in
2172 963 2243 1010 uno

208 1044 302 1131 Non
319 1055 468 1125 dubium
487 1067 548 1139 est,
574 1078 695 1138 omnes
712 1069 886 1126 creaturas
900 1056 1089 1126 rationales
1107 1056 1200 1126 obli·
1251 1029 1329 1102 l⁰⁶⁰
1354 1055 1448 1119 esse,
1475 1057 1537 1104 ”⁶⁶
1561 1059 1667 1130 {²⁰⁸⁵ss
1687 1033 1866 1109 discam
1892 1042 2081 1137 ⁶⁰²¹⁸l¹8⁶m
2104 1067 2130 1112 ⁰
2155 1043 2242 1126 ι’ῘΓΟι

209 1173 305 1251 galas
321 1181 394 1226 esse
410 1159 454 1226 ad
473 1157 625 1247 primum
639 1171 875 1248 praeceptum,
889 1172 929 1228 ut
941 1183 1064 1228 verum
1073 1160 1200 1244 Deum,
1250 1143 1317 1204 Μ
1332 1143 1485 1206 mallim
1501 1161 1526 1204 ⁰
1545 1134 1683 1214 libili-i·

83 1281 88 1288 ·
208 1287 294 1332 vero
309 1261 453 1343 timore,
476 1270 510 1327 et
525 1283 607 1328 vera
622 1251 689 1328 fide
711 1261 848 1344 colant,
875 1273 910 1330 et
926 1261 1063 1350 fugiant
1079 1261 1199 1330 omnia
1350 1249 1420 1322 Hic
1435 1257 1641 1346 respondeo·
1692 1254 1772 1340 ilss
1791 1259 1962 1330 ecclesia”
1985 1259 2067 1332 Duo
2082 1273 2170 1330 sunt
2184 1283 2242 1350 ge-

210 1364 307 1436 idola
328 1356 523 1445 †ethuica,
549 1358 709 1430 iudaica”
728 1357 987 1446 Mahometica,
1012 1357 1199 1444 haeretica,
1249 1379 1353 1424 nera:
1381 1355 1443 1424 alii
1466 1371 1549 1427 sunt
1570 1359 1680 1445 firmi,
1706 1359 1769 1429 alii
1792 1361 1937 1436 infirmi.
1990 1363 2061 1434 Sed
2084 1363 2160 1434 sive
2185 1363 2242 1431 fir-

210 1481 246 1538 et
269 1486 560 1559 quarumcunque
590 1475 762 1532 sectarum
791 1477 974 1554 portenta,
1004 1464 1199 1556 pugnantia
1250 1481 1328 1528 mus
1349 1470 1400 1526 est
1413 1458 1606 1552 quispiam,
1632 1461 1705 1530 sive
1722 1463 1900 1549 infirmus,
1926 1463 2011 1534 sciat
2032 1465 2240 1534 mandatum

168 1605 171 1612 ·
208 1591 292 1640 cum
316 1567 424 1634 verbo
451 1561 537 1634 Dei:
563 1565 603 1632 in
628 1589 699 1657 quo
722 1587 758 1633 se
781 1589 885 1634 verus
909 1563 1006 1635 Deus
1026 1567 1200 1658 patefecit,
1249 1557 1318 1630 Dei
1334 1581 1419 1645 esse,
1440 1574 1479 1631 ut
1495 1563 1608 1652 fugiat
1620 1562 1727 1650 idola,
1753 1578 1788 1635 et
1804 1567 1966 1637 ostendat
1982 1567 2139 1662 aliquam
2156 1591 2241 1636 con-

209 1662 342 1741 Matth.
365 1664 400 1736 4.
423 1661 632 1736 Dominum
652 1661 777 1735 Deum
809 1675 911 1736 tuum
936 1662 1135 1755 adorabis,
1168 1677 1199 1737 et
1250 1661 1449 1736 sessionem.
1499 1659 1548 1734 Et
1577 1689 1658 1734 cum
1684 1667 1775 1736 alius
1804 1667 1874 1736 alio
1904 1667 2041 1738 firmior
2062 1669 2126 1755 sit,
2152 1669 2242 1737 alius

8 1823 22 1850 ,
123 1851 126 1857 ,
212 1767 277 1841 illi
290 1764 366 1839 soli
378 1765 519 1837 servies.
570 1767 643 1840 Nec
666 1781 801 1840 tantum
823 1770 974 1840 interior
996 1771 1112 1840 cultus
1135 1793 1200 1839 ne·
1251 1764 1509 1834 contessionem
1531 1767 1658 1856 magis,
1681 1769 1771 1838 alius
1791 1769 1912 1838 minus
1933 1769 2108 1842 illustrem
2123 1783 2244 1840 osten-

212 1871 381 1944 cessarius
406 1884 477 1954 est,
501 1870 692 1940 sedetiam
721 1885 862 1941 externa
887 1871 1113 1960 significatio,
1138 1871 1200 1942 seu
1251 1867 1321 1939 det.
1374 1861 1552 1936 lohannes
1567 1864 1761 1960 Apostolus
1786 1869 1923 1941 firmior
1940 1887 2013 1944 erat
2030 1871 2242 1943 Nicodemo:

212 1974 384 2046 confessio
408 1995 468 2042 sen
493 1973 681 2063 professio,
706 1970 811 2046 Matt.
832 1974 890 2046 10.
914 1967 993 2068 Qui
1015 1971 1200 2066 negaverit
1252 1993 1454 2062 quanquam
1478 1981 1626 2062 uterque
1647 1986 1721 2042 erat
1742 1971 1940 2045 imbecillis.
1991 1972 2055 2042 Pia
2078 1975 2245 2043 materia-

213 2100 268 2146 me
290 2099 412 2145 coram
428 2068 662 2160 hominibus,
688 2072 830 2168 negabo
841 2097 931 2144 eum
953 2099 1075 2145 coram
1096 2083 1202 2170 patre
1250 2071 1377 2155 milias,
1403 2065 1511 2141 habet
1528 2095 1684 2142 caussam
1700 2097 1774 2142 non
1791 2075 1892 2144 facile
1907 2075 2115 2145 discedendi
2132 2099 2152 2143 a
2169 2099 2245 2144 ma-

213 2175 365 2252 eoelesti.
416 2175 527 2266 Negat
542 2182 678 2257 antem,
706 2177 768 2269 qui
783 2201 967 2270 nunquam
984 2192 1101 2268 aperte
1116 2203 1202 2248 con·
1252 2171 1322 2242 rito
1337 2185 1372 2241 et
1387 2195 1407 2241 a
1423 2173 1561 2242 liberis:
1589 2175 1647 2243 sed
1665 2189 1783 2245 tamen
1798 2179 1959 2246 ostendat
1974 2178 2244 2256 confessionem,

212 2283 348 2366 litetur,
374 2281 446 2348 imo
473 2279 578 2350 etiam
602 2279 858 2370 perseveratio
881 2280 1092 2350 testimoniis
1117 2305 1202 2350 con·
1254 2287 1288 2343 et
1310 2273 1422 2364 fugiat
1445 2275 1560 2359 idola,
1589 2299 1698 2370 eaque
1723 2277 1761 2346 in
1784 2301 1822 2346 re
1843 2279 2020 2368 proficiat,
2047 2279 2144 2349 dicat
2159 2279 2243 2372 quid

211 2383 331 2467 trariis
347 2405 450 2451 verae
466 2381 701 2466 invocationi,
728 2381 814 2471 legit
835 2382 975 2462 missas,
996 2383 1063 2452 'aut
1078 2383 1203 2452 adorat
1253 2376 1402 2460 sentiat,
1434 2399 1509 2445 110ss
1533 2379 1675 2447 accedat
1695 2380 1741 2447 ad
1765 2379 1905 2467 missas,
1931 2381 2066 2451 absita
2094 2381 2245 2473 pompib

209 2507 357 2578 panem,
379 2497 440 2554 aut
461 2495 603 2556 statuas.
955 2471 965 2488 ⁸
1254 2477 1437 2572 inquibus
1455 2478 1742 2570 circumgestatur
1757 2481 1870 2572 panis.

314 2615 419 2707 Quod
451 2617 546 2685 enim
570 2616 715 2710 quidam
738 2601 879 2703 dicunt,
910 2639 1042 2687 senon
1065 2639 1203 2706 negare,
1354 2609 1535 2682 Hactenus
1550 2611 1684 2684 dixide
1699 2615 1805 2684 rebus
1827 2615 2042 2689 necessariis.
2093 2615 2244 2708 Saepe²)
2324 2699 2325 2702 Ἴ

211 2724 273 2798 sed
306 2721 540 2807 interrogatos
568 2719 724 2788 dicturos
751 2742 842 2804 esse,
874 2714 1005 2815 qnod¹)
1038 2719 1203 2804 sentiant,
1254 2725 1370 2783 autem
1402 2711 1562 2782 Ecclesia
1597 2709 1723 2785 habuit
1751 2716 1888 2810 aliquas
1923 2718 2169 2804 confusiones,
2208 2733 2245 2788 ut

211 2849 277 2894 nec
300 2844 390 2914 opus
411 2843 482 2892 esse
499 2821 574 2889 sine
592 2821 775 2890 vocatione
798 2821 995 2912 pericnlum
1010 2845 1202 2892 accersere:
1253 2812 1538 2910 Hierosolyma&
1571 2829 1728 2909 tempore
1748 2815 1957 2906 Zachariae,
1985 2820 2144 2890 multum
2174 2835 2246 2891 erat

210 2923 290 3004 Etsi
321 2919 408 2994 haec
443 2917 525 2993 vera
554 2936 653 3008 sunt,
693 2936 814 2992 tamen
847 2924 981 2995 interea
1013 2947 1088 2993 non
1120 2935 1204 2993 sunt
1253 2917 1463 2986 vitiosorum
1487 2917 1665 2998 cultuum,
1699 2933 1733 2990 et
1753 2941 1941 3010 pravarum
1969 2919 2184 3014 opinionum
2209 2923 2245 2990 in

212 3027 386 3100 contraria
419 3025 580 3094 facienda
602 3048 705 3094 verae
729 3025 963 3096 invocationi:
997 3023 1047 3097 Ut
1070 3025 1099 3093 si
1123 3025 1203 3120 quis
1253 3019 1403 3108 templo:
1437 3031 1611 3088 ettamen
1638 3045 1679 3090 eo
1704 3046 1786 3090 vera
1808 3017 1965 3092 Ecclesia
1986 3024 2092 3093 etiarm
2114 3048 2245 3094 eonve-

211 3130 370 3222 captivus
393 3151 433 3197 ex
454 3122 687 3211 Christianis,
713 3129 837 3196 vivens
862 3129 955 3198 inter
973 3127 1126 3212 Turcas,
1149 3141 1203 3196 ta·
1254 3121 1393 3200 nlebals
1427 3133 1468 3190 ut
1494 3115 1705 3208 Zacharias,
1738 3119 1944 3210 Elisabeth,
1980 3123 2108 3198 Maria.
2164 3125 2244 3196 Tali

211 3233 302 3303 citus
327 3231 422 3322 apud
451 3251 524 3298 sese
549 3224 732 3298 Christum
761 3231 961 3322 invocaret,
995 3253 1060 3298 nec
1084 3244 1202 3307 tamen
1254 3235 1430 3314 temporo,
1452 3217 1491 3290 hi
1506 3223 1569 3314 qui
1584 3225 1723 3294 suntin
1745 3226 1817 3294 suis
1832 3223 2016 3310 Ecclesiis,
2043 3243 2163 3317 aperte
2179 3227 2245 3296 im-

212 3348 355 3404 erterna
384 3331 604 3423 professione
624 3338 722 3397 suam
747 3331 852 3399 fidem
884 3331 1098 3414 ostenderet,
1130 3330 1202 3400 imo
1254 3325 1407 3414 probent
1429 3347 1586 3410 errores,
1613 3339 1652 3394 nt
1671 3326 1754 3396 fecit
1769 3323 1977 3396 Zacharias:
2004 3325 2110 3399 Ritus
2127 3343 2243 3400 autem

213 3437 319 3506 etiam
340 3433 522 3502 interesset
540 3431 701 3500 Turcicis
719 3433 845 3502 sacris:
872 3428 968 3502 haud
993 3433 1101 3501 dubie
1123 3455 1204 3500 reus
1234 3429 1386 3509 bonos,
1417 3439 1478 3495 aut
1501 3420 1714 3518 adiaphoros
1724 3423 1755 3524 ³)
1776 3453 1916 3498 servare
1939 3445 2098 3521 possunt.
2154 3431 2245 3502 Volo
2322 3447 2323 3458 ³

214 3551 303 3608 esset
334 3548 494 3605 aeternae
525 3533 597 3602 irae
619 3531 698 3605 Dei.
750 3531 822 3604 Sed
853 3535 1057 3627 ubicunque
1083 3556 1204 3604 sumus
1256 3527 1352 3619 pios,
1378 3525 1496 3597 firmos
1519 3543 1553 3599 et
1575 3529 1751 3613 infirmos,
1778 3531 1939 3600 accedere
1962 3533 2008 3600 ad
2030 3533 2245 3624 baptismum

213 3641 287 3710 sive
302 3637 395 3708 inter
415 3636 570 3719 Turcas,
595 3635 668 3704 sive
685 3635 778 3705 inter
792 3631 996 3715 haereticos,
1023 3635 1096 3705 sive
1111 3635 1205 3704 inter
1255 3631 1444 3715 infantum,
1470 3631 1508 3698 in
1525 3631 1596 3700 suis
1611 3628 1789 3716 Ecclesiis‚
1815 3634 2020 3727 ubicunque
2033 3647 2127 3704 sunt.
2165 3633 2247 3706 Ser-

212 3765 296 3812 vere
324 3740 422 3831 pios,
454 3739 636 3806 interdum
668 3737 785 3829 aliqua
810 3739 983 3808 consessio
1010 3738 1205 3808 necessaria
1255 3757 1339 3800 vare
1362 3732 1468 3800 etiarn
1490 3745 1638 3824 possunt
1653 3732 1742 3803 ritus
1756 3730 1987 3825 adiaphoros,
2013 3749 2054 3805 ut
2077 3736 2244 3806 interesse
2321 3825 2322 3828 Ἴ

215 3857 283 3914 est:
311 3855 345 3912 et
360 3853 452 3911 certe
469 3837 646 3909 contraria
671 3861 772 3909 verae
789 3839 1006 3910 invocationi
1022 3864 1097 3909 non
1122 3853 1206 3911 sunt
1256 3833 1399 3904 lectioni
1409 3831 1631 3904 Psalmorum
1646 3835 1684 3902 in
1701 3836 1909 3927 vespertinis
1925 3837 2098 3928 precibus,
2118 3851 2156 3907 et
2170 3839 2245 3907 aliis
2321 3829 2322 3876 ³

163 3995 168 4002 ,
212 3945 385 4018 facienda,
1256 3930 1413 4004 honestis
1436 3935 1696 4026 congressibus,
1722 3937 1786 4007 etsi
1808 3938 1943 4030 aliquid
1967 3939 2043 4008 vitii
2063 3939 2245 4032 aliquibus

317 4079 357 4149 Si
373 4077 452 4170 quis
469 4074 577 4165 igitur
591 4088 644 4145 est
658 4073 890 4158 sacrificulus,
915 4089 976 4145 aut
997 4074 1206 4167 monachus,
1256 4037 1449 4156 admistum
1467 4052 1535 4122 ⁰⁵1²
1561 4039 1642 4156 puia
1657 4039 1696 4106 ln
1713 4062 1753 4108 ‘²⁰
1772 4052 1877 4158 ,melu
1897 4036 2244 4160 similibucflllqui

216 4197 252 4254 et
267 4179 404 4270 cogitur
420 4177 543 4246 missas
566 4177 761 4260 celebrare,
785 4189 826 4245 ut
844 4190 990 4261 vocant,
1016 4179 1046 4247 si
1071 4181 1206 4251 intelli·
1256 4139 1375 4256 ‘leaf’
1409 4152 1443 4208 θ)
1464 4153 1592 4257 ⁵³¹¹⁰l¹3
1618 4153 1658 4210 Π)
1683 4163 1812 4260 Ruefh,
1834 4154 1867 4210 ‘l
1886 4142 1997 4235 ³l¹q¹¹¹
2020 4143 2135 4213 idum
2157 4157 2244 4213 recle

123 4283 131 4301 ’
216 4283 267 4375 git
289 4306 325 4353 se
348 4278 458 4371 impie
480 4280 612 4362 iacere,
637 4277 775 4349 omittat
792 4301 849 4346 eas
873 4277 1014 4364 missas,
1039 4305 1103 4352 nec
1127 4298 1205 4372 agat
1256 4253 1464 4360 semffflll‘s’
1489 4243 1549 4310 ⁸⁰d
1573 4241 1725 4362 Ψθῃῖηι
1752 4267 1814 4336 ‘1¹¹¹
1836 4255 1955 4360 lami-²¹}
1979 4259 2062 4313 ⁵¹¹¹st
2085 4246 2242 4314 membra

216 4398 339 4457 contra
357 4379 624 4453 conscientiam:
642 4377 715 4448 Nec
732 4390 845 4470 potest
859 4380 1015 4450 inveniri
1029 4386 1204 4457 excusatio
1255 4337 1389 4412 chum
1403 4357 1437 4414 el
1451 4356 1536 4412 ⁸¹¹¹st
1550 4343 1719 4434 Paulaum
1737 4339 1967 4435 P‘0V0hend1·

215 4487 289 4559 ulla
309 4485 389 4577 pia,
415 4507 478 4554 cur
499 4482 602 4552 liceat
626 4481 777 4550 retinere
801 4505 877 4550 eam
902 4485 1205 4561 consuetudinem.
1353 4467 1432 4544 Sed
1443 4467 1542 4544 dicat
1559 4469 1719 4573 aliquis,
1745 4474 1782 4545 si
1801 4499 1875 4546 non
1898 4471 2067 4548 accedam
2084 4475 2142 4548 ad
2156 4480 2243 4550 mis-

215 4587 315 4660 ldem
331 4586 411 4656 dico
427 4588 471 4654 de
484 4583 604 4668 laicis,
625 4596 665 4652 ut
681 4605 769 4675 quac
785 4596 920 4653 norunt
933 4607 1015 4654 vere
1038 4609 1111 4656 esse
1126 4585 1205 4658 ido·
1253 4597 1336 4662 sas,
1360 4569 1416 4644 od
1430 4599 1587 4676 pompas
1602 4573 1792 4674 publicas,
1817 4601 1896 4647 cum
1915 4585 2085 4674 gestatur
2107 4577 2243 4652 Sacra·

214 4691 334 4762 lorum
353 4687 487 4770 cultus,
511 4685 666 4774 fugiant,
691 4683 786 4753 iuxta
802 4685 909 4754 illud:
935 4679 1073 4781 Fugite
1090 4683 1206 4764 idola.
1254 4684 1432 4758 mentum,
1460 4677 1592 4776 rapiar
1605 4673 1661 4748 ad
1670 4676 1918 4777 supplicium?

215 4791 310 4866 Sunt
333 4803 450 4860 antem
464 4787 643 4856 manifesti
658 4785 773 4854 cultus
795 4786 993 4873 idolomm,
1027 4789 1205 4862 invocatio
1353 4811 1692 4906 Adidrespondeog
1719 4813 1907 4906 Regulam,
1935 4775 2241 4914 q112led0202quid

216 4906 429 4976 sanctorum,
451 4889 514 4982 qui
528 4911 570 4957 er
585 4881 651 4980 hac
667 4886 738 5006 vita
755 4885 1005 5006 discesserunt:
1028 4891 1205 4964 invocatio
1254 4916 1301 4988 ,ῑῑ
1319 4915 1581 5014 iaciendum‘),
1606 4930 1728 4990 notam
1757 4939 1848 5000 em,
1875 4919 1935 4988 „d
1956 4917 2055 4989 ,liud
2078 4935 2129 4992 ω
2148 4919 2240 5015 loqu,-

216 4997 263 5070 ed
277 5009 388 5067 certas
402 5003 551 5074 statuas,
576 4990 733 5060 adoratio
754 5011 856 5080 pams
877 5013 918 5062 m
939 4990 1058 5086 impiis
1081 4995 1207 5082 missis,

217 5097 305 5172 etin
322 5090 657 5184 circumgestatione.
1259 5079 1473 5132 -..-...’
1562 5083 1565 5090 ’

1199 5206 1206 5214 .
1290 5235 1321 5303 2)
1339 5233 1410 5290 God-
1427 5233 1522 5292 bleba.
1541 5235 1671 5306 Senrper.

1291 5319 1320 5390 8)
1338 5320 1415 5378 llice.
1432 5316 1615 5392 ἀδιαφόρους.

250 5408 280 5479 1)
298 5405 378 5466 llice·
396 5408 472 5477 quie.
1291 5410 1320 5478 t)
1339 5407 1416 5466 llice.
1438 5419 1465 5464 et
1482 5407 1547 5466 cod.
1565 5407 1659 5464 Mebn.
1674 5408 1740 5478 fieri
1756 5409 1867 5466 debeat.
