4670 5806
229 231 305 313 sas
604 287 610 300 ,
718 219 1232 304 ·τνιιτοιι·ιιιιιι
1282 217 1482 295 maru
1536 179 1741 294 rsaa'
1858 188 1862 197 ’
2059 231 2070 246 ·
2185 223 2267 298 aso

232 401 376 496 brffdbttt
391 397 521 489 sstoiirt
534 397 637 490 bulte,
658 393 785 488 abidon
806 395 852 468 tie
865 393 964 490 ⁸iztt'tlft
980 396 1044 468 tutb
1059 389 1219 484 Ctliiuttg
1270 413 1392 462 scimus
1406 390 1575 464 colamus.
1626 387 1733 479 Quod
1752 390 1874 484 scripti
1891 415 2005 484 nuper
2013 393 2064 462 'de
2074 381 2264 462 Cluniae·
2321 452 2322 456 ,

234 507 314 601 utut
328 507 360 600 l⁰
380 502 453 578 batt
469 499 522 597 fist
539 499 649 593 liugtu
663 497 727 571 nub
743 498 872 573 &aaut
889 495 935 585 itt
1175 513 1179 521 ·
1269 489 1369 588 pity,
1392 505 1433 564 ut
1452 483 1640 562 Fuchsius
1663 505 1782 582 putat,
1814 508 1848 562 et
1871 493 1932 564 alii
1955 488 2173 586 χαμαίδρυν
2195 519 2266 566 no-

860 593 1172 692 CasparCruziger
1270 593 1428 679 minant,
1448 591 1627 664 Teucrion
1649 616 1722 662 esse
1751 606 1918 679 statuam,
1945 595 2015 679 ibi,
2047 609 2089 666 ut
2110 597 2265 680 decrevi,

946 695 1058 774 1544.
1272 696 1345 766 vim
1360 705 1522 787 expertus
1536 695 1656 778 fuero,
1673 693 1712 762 in
1729 695 1859 786 splenis
1877 695 2118 769 medicatione.
2146 695 2266 767 Aiunt

1273 796 1368 864 enim
1386 796 1471 866 inde
1493 817 1625 864 nomen
1651 819 1743 879 esse,
1767 797 1850 889 quia
1867 795 2006 870 Teucer
2022 791 2086 868 hac
2100 799 2265 888 plantula

268 899 570 976 (Votumtntmmdo
583 897 742 956 Baiarum
757 895 894 962 utsupra
906 891 1188 961 Mauretaniam)
1272 897 1464 968 medicatus
1478 895 1524 968 sit
1537 919 1601 966 suo
1616 898 1741 967 morbo
1758 911 1837 968 orto
1863 922 1905 967 ex
1920 912 2014 968 atrae
2031 900 2112 968 hilis
2129 903 2266 968 redun-
2322 942 2323 1002 ι

312 1025 364 1088 ’Διὶ
383 1023 499 1103 Ephes.
511 1020 543 1084 2.
559 1040 590 1086 τ.
608 1019 659 1082 19.
673 1015 727 1080 20.
753 1013 816 1101 cipe
832 1006 887 1080 oia
908 1011 1025 1095 adata,
1055 1012 1123 1080 lori
1144 1011 1221 1087 ξένοι

276 1111 327 1176 sul
346 1103 506 1192 πάροικοι,
533 1100 614 1169 ἀλλὰ
635 1106 820 1182 manatura
839 1107 902 1164 τῶν
919 1096 1033 1182 ἁγίων,
1054 1100 1104 1162 καὶ
1120 1101 1222 1161 οἰκεῖοι

275 1198 334 1260 τοῦ
347 1197 440 1258 θεοῦ·
462 1183 758 1268 ἐποικοδομηθέντες
777 1185 825 1249 tut
845 1189 890 1272 τῷ
904 1185 1038 1270 θεμελίῳ
1060 1189 1123 1247 τῶν
1145 1179 1222 1245 rino·

277 1275 398 1344 στόλων
417 1275 470 1340 sol
490 1277 678 1361 προφητῶν,
701 1267 792 1345 ὄντος
815 1267 1039 1356 ἀκρογωνιαίου
1055 1265 1152 1332 αὐτοῦ
1164 1263 1223 1348 Ἰη-

277 1367 336 1429 οοῦ
352 1363 507 1447 Χριστοῦ.

336 1481 433 1554 Haec
456 1495 508 1553 est
530 1480 631 1550 bnna
654 1492 689 1550 et
702 1476 816 1548 dulcis
836 1476 1029 1547 consolatio
1044 1472 1223 1544 mentibus

234 1584 350 1658 Deum
368 1583 636 1678 quaerentibus,
661 1593 757 1650 certo
777 1579 882 1662 scire,
905 1573 996 1646 hanc
1012 1599 1084 1647 esse
1099 1571 1223 1644 Eccle-

237 1688 325 1760 siam
346 1683 422 1756 Deo
446 1686 640 1777 placentem
664 1695 700 1752 et
727 1678 912 1752 haeredem
935 1680 1027 1749 vitae
1050 1677 1223 1760 aeternae,

236 1811 327 1884 quae
347 1784 572 1879 amplectitur
592 1805 712 1852 vocem
729 1775 987 1872 Prophetarum
1012 1792 1046 1849 et
1071 1775 1223 1870 Aposto-

235 1891 370 1962 lorum:
397 1910 463 1960 nec
481 1895 554 1958 este
566 1879 762 1956 Ecclesiam
775 1879 844 1952 Dei
866 1881 982 1952 ullum
996 1893 1134 1952 coetum
1149 1879 1224 1948 dis-

1273 999 1404 1072 dantia.
1463 993 1512 1068 Et
1544 997 1616 1068 vim
1648 993 1901 1089 deprehensam
1933 1021 2025 1084 esse,
2058 1025 2138 1070 cnm
2170 1003 2266 1072 forte

1273 1098 1388 1192 spleni
1404 1098 1639 1192 imposuisset,
1664 1113 1813 1170 mactata
1828 1101 1984 1171 victima.
2033 1099 2178 1172 Fabella
2192 1103 2266 1172 ele-

1273 1199 1476 1292 gantissima
1490 1213 1560 1286 est,
1575 1199 1735 1294 quisquis
1749 1213 1852 1271 autor
1869 1217 1931 1277 est.

1373 1297 1570 1374 Exhibebit
1593 1301 1660 1372 tibi
1682 1296 1746 1372 has
1769 1304 1904 1374 litteras
1927 1297 2175 1398 Moserus*),
2204 1304 2266 1398 qui

1273 1403 1361 1473 olim
1374 1403 1506 1493 collega
1528 1402 1597 1473 fuit
1611 1397 1783 1498 Micylli,
1809 1417 1928 1496 postea
1951 1406 2071 1476 docuit
2086 1401 2267 1476 &nutem
2323 1430 2324 1472 ι

1282 1496 1573 1577 Werlltemium:
1602 1505 1795 1576 instructus
1825 1520 1877 1576 est
1898 1507 2046 1592 viatico,
2077 1530 2143 1576 nec
2173 1507 2267 1598 petit
2323 1483 2324 1556 i

1273 1605 1393 1690 aliud,
1416 1606 1487 1675 nisi
1509 1619 1550 1677 ut
1572 1605 1709 1676 aditum
1726 1607 1771 1675 ad
1793 1619 1827 1677 te
1844 1601 1990 1694 habeat,
2015 1622 2055 1679 ut
2073 1609 2117 1678 de
2134 1609 2266 1676 litteris

1273 1707 1453 1778 interdum
1466 1707 1637 1780 consulat.
1685 1703 1728 1776 ln
1749 1703 1870 1778 schola
1892 1709 2012 1803 aliqua
2032 1709 2164 1779 celebri
2181 1707 2268 1802 My-

1273 1808 1346 1879 siae
1367 1821 1429 1880 aut
1442 1806 1599 1878 Ecclesia
1620 1810 1746 1878 docere
1768 1823 1903 1901 posset,
1929 1834 2038 1906 quare
2060 1835 2141 1880 eum
2157 1809 2268 1880 etiam

1274 1910 1319 1980 iis
1340 1909 1623 1996 commendabis,
1643 1909 1706 2002 qui
1727 1905 1921 2002 provehere
1944 1935 2024 1983 eum
2044 1924 2198 2004 possunt
2224 1909 2268 1980 ad
2324 1920 2325 1994 t

1276 2035 1332 2082 eas
1349 2005 1589 2108 λειτουργίας.
2324 1997 2325 2044 ³

1375 2110 1428 2182 De
1446 2105 1636 2180 Bornensi
1647 2109 1805 2200 litigante
1821 2137 1901 2183 cum
1909 2109 2054 2184 Pastore
2070 2107 2164 2182 nihil
2182 2113 2268 2198 scio,

1276 2239 1339 2284 nec
1355 2208 1537 2283 hominem
1553 2213 1658 2297 novi,
1683 2226 1823 2282 tantum
1846 2215 1970 2286 audivi
1988 2229 2159 2286 venenate
2178 2215 2268 2284 soli-

1276 2329 1350 2386 tum
1372 2313 1507 2408 pastori
1525 2313 1604 2384 viro
1625 2313 1721 2384 bono
1745 2315 1939 2388 obtrectare
1965 2329 2000 2386 et
2030 2316 2199 2389 insectari
2230 2338 2269 2386 ac

1275 2417 1445 2488 conviciis
1465 2417 1617 2486 lacerare
1632 2410 1886 2511 Spoletinum.
1945 2415 2042 2488 Haec
2065 2417 2097 2488 ei
2120 2441 2162 2487 cx
2179 2415 2269 2486 meis

236 1991 445 2064 sentientem
466 2011 486 2060 a
508 2009 595 2058 voce
615 1978 894 2078 Prophetarum,
912 1977 1048 2054 Christi
1072 1993 1108 2051 et
1123 1976 1223 2071 Apo·

235 2093 419 2166 stolorum.
478 2085 535 2160 lbi
556 2103 639 2158 vere
663 2097 716 2156 est
736 2079 894 2164 Ecclesia
908 2081 997 2168 Dei,
1019 2082 1224 2174 ubicunque

114 2221 117 2226 ¹
147 2209 150 2214 ’
235 2206 374 2286 recepta
398 2203 449 2262 est
470 2213 539 2260 vox
549 2181 835 2278 Prophetarum,
859 2179 996 2257 Christi
1018 2196 1052 2254 et
1068 2179 1223 2274 Aposto-

236 2298 374 2380 lorum3
400 2293 453 2364 ibi
473 2304 525 2362 est
548 2283 747 2360 haereditas
761 2286 854 2358 vitae
876 2297 1057 2370 aeternae,
1082 2281 1133 2353 ibi
1150 2283 1222 2375 spi-

236 2396 327 2470 ritus
340 2407 482 2466 sanctus
495 2403 548 2462 est
563 2391 700 2475 efficax,
722 2387 790 2458 ibit
806 2387 949 2458 exaudit
963 2400 997 2457 et
1012 2381 1223 2458 iuvatDeus.

234 2497 308 2572 Nec
329 2495 426 2569 tituli
448 2489 655 2588 pontificum
677 2501 738 2562 aut
760 2487 835 2560 ulla
851 2479 1042 2579 ἀξιώματα
1059 2487 1134 2556 sine
1157 2481 1223 2556 hac

160 2659 165 2672 ,
235 2597 397 2672 doctrina
424 2594 562 2668 faciunt
585 2589 790 2669 Ecclesiam.
849 2586 922 2659 Nos
954 2589 1061 2679 igitur
1088 2589 1224 2678 ample·

235 2713 368 2774 ctentes
383 2697 476 2768 veris
489 2693 692 2789 pectoribus
706 2689 904 2762 doctrinam
913 2685 1172 2781 Prophetarum
1188 2700 1224 2758 et

235 2797 509 2894 Apostolorum,
534 2807 737 2879 statuamus,
763 2815 844 2862 vere
859 2814 932 2860 csse
945 2787 1012 2862 Dei
1028 2787 1223 2860 Ecclesiam

236 2917 271 2974 et
284 2899 399 2974 Deum
414 2899 638 2992 praelucente
650 2889 716 2965 hac
731 2893 892 2964 doctriua
906 2891 1034 2962 fiducia
1050 2892 1133 2975 filii,
1148 2914 1223 2959 me-

174 3031 179 3036 ·
235 3002 401 3087 diatoris,
426 3002 648 3083 invocemus,
673 3017 738 3068 nec
760 2997 933 3085 fingamus
947 2992 1056 3086 recipi
1078 2992 1224 3062 invoca·

237 3107 371 3178 tiouem
388 3105 464 3175 sine
481 3099 547 3174 bac
564 3099 736 3170 doctrina.

736 3193 925 3290 Philippus
951 3191 1175 3267 Melanthon.

235 3595 304 3672 No.
320 3593 433 3666 8002.

242 3691 414 3724 w

1063 3595 1098 3662 4.
1117 3593 1198 3676 Arrg.

1046 3685 1219 3714 m

506 3773 656 3860 ΙοοοΙι.
683 3769 938 3860 Camerario.

304 3939 390 4016 spa
402 3937 437 3996 ιο
449 3935 586 3996 um.
598 3955 626 4011 p.
638 3937 690 3992 ιιι
700 3955 760 4012 sqq.
780 3934 833 4007 (ιι.
843 3934 936 3992 cosa.
952 3934 999 3992 ιιι.
1012 3933 1060 3994 ιν.
1077 3955 1121 4012 ι..
1133 3907 1216 4007 sia).

237 4093 462 4172 Clarissimo
484 4095 563 4166 viro
591 4091 792 4166 eruditione
811 4103 843 4164 et
867 4093 996 4164 virtute
1017 4091 1228 4190 praestanti

261 4191 504 4271 Ioachimo
528 4189 804 4270 Camerario
829 4187 1057 4290 Pubergensi
1080 4193 1199 4265 amico

617 4320 686 4368 suo
711 4320 840 4372 carus.

238 4415 284 4508 S·
304 4433 350 4510 Da
400 4429 607 4506 Honorifice
620 4411 834 4522 prdedicavu
850 4442 885 4500 et
907 4428 1034 4500 marito
1055 4439 1088 4498 et
1110 4428 1227 4514 nobis,

238 4533 425 4608 honestiss.
455 4547 618 4606 matrona
637 4523 802 4602 Lutheri
824 4530 980 4602 coniunx
1001 4543 1061 4602 tua
1085 4551 1166 4618 erga
1190 4553 1227 4600 se

240 4637 372 4720 officia,
404 4649 439 4706 et
470 4655 533 4725 ego
564 4655 640 4704 cras
670 4633 704 4700 ei
733 4645 828 4702 tuam
855 4633 1037 4722 epistolam
1059 4632 1226 4717 recitabo,

205 4825 210 4830 q
240 4765 345 4836 quiam
362 4732 470 4807 hodie
485 4735 614 4827 accepi.
665 4731 771 4825 Spem
788 4755 861 4802 esse
875 4726 1166 4826 Paumgartneri
1181 4733 1227 4802 li-

240 4840 389 4912 berandi
408 4837 561 4929 gaudeo,
586 4848 621 4906 et
639 4847 681 4906 ut
704 4847 763 4904 tua
782 4845 861 4903 vota
880 4836 925 4903 ad
939 4837 1133 4906 multorum
1149 4834 1227 4925 pio-

240 4968 320 5014 rum
352 4961 471 5031 preces
501 4937 687 5026 adiungas,
721 4948 761 5006 ut
789 4934 979 5018 liberetur,
1020 4958 1095 5007 oro.
1152 4931 1226 5004 Nec

241 5070 325 5115 vero
356 5042 502 5126 dubito,
539 5037 628 5132 quin
650 5061 730 5106 eum
758 5059 861 5126 saepe
892 5037 963 5106 tuis
983 5035 1171 5124 gemitibus
1192 5049 1227 5108 et

241 5145 403 5240 precibus
417 5141 493 5212 Deo
513 5141 745 5211 commendes.
796 5133 850 5206 De
864 5133 953 5227 Rep.
972 5132 1015 5208 V
1010 5133 1084 5206 itus
1104 5137 1227 5211 scribit

242 5246 528 5327 silentiumne,
550 5253 584 5310 et
600 5240 800 5310 tarditatem
822 5261 897 5310 esse
912 5259 1072 5328 magnam
1094 5241 1225 5309 exerci-

243 5360 342 5418 tuum
359 5347 399 5415 in
408 5343 538 5415 Gallia.
561 5339 688 5412 Nostra
704 5339 813 5431 igitur
826 5338 942 5412 studia
956 5351 1128 5432 quantum
1143 5362 1226 5430 pos-

1274 2518 1402 2590 litteris
1419 2517 1566 2587 recitare
1582 2529 1692 2608 potes.
1725 2514 1886 2612 Cumque
1902 2541 2022 2589 mussa
2037 2514 2127 2588 mihi
2143 2518 2269 2607 ignota

1274 2619 1339 2699 sit,
1372 2642 1479 2714 quam
1501 2616 1589 2709 agit,
1623 2619 1861 2710 patrocinium
1886 2619 1962 2690 eius
1991 2619 2166 2710 suscipere
2191 2641 2267 2689 non

1275 2721 1372 2798 uolo.
1402 2717 1520 2790 ·Nolo
1544 2719 1640 2788 euim
1665 2741 1802 2790 arcuere
1829 2720 1910 2790 illas
1933 2713 2269 2816 φιλαπεχθήμονας

1275 2835 1419 2894 naturas
1440 2845 1479 2890 ac
1502 2812 1745 2915 πικροχόλοος
1765 2834 1888 2892 contra
1911 2819 2072 2894 Pastores
2089 2819 2268 2892 Ecclesia-

1276 2947 1368 2994 rum.
1415 2919 1537 2992 Discat
1551 2921 1717 2992 iuventus
1733 2922 1838 2993 etiam
1853 2923 1982 2992 nostris
2003 2924 2169 3016 exemplis
2194 2923 2268 3015 pri·

1277 3039 1373 3096 vetas
1396 3023 1545 3093 iniurias
1565 3023 1768 3094 condonare
1785 3021 1941 3116 Reipub
1992 3023 2095 3094 Hanc
2120 3047 2185 3115 ego
2211 3023 2269 3096 ul·

1276 3119 1367 3225 pitia
1381 3139 1416 3196 et
1427 3148 1525 3194 meae
1543 3121 1746 3194 iracundiae
1762 3138 1798 3194 rt
1810 3125 1962 3196 aliorum
1975 3149 2077 3217 saepe
2091 3149 2251 3218 oppono.

1377 3224 1511 3316 Scripsi
1528 3219 1613 3294 haec
1629 3225 1822 3310 celerrime,
1846 3227 2088 3316 flagitantibus
2101 3223 2269 3320 epistolas

1277 3327 1356 3398 aliis
1370 3326 1510 3411 multis,
1534 3337 1673 3415 praeter
1687 3319 1955 3424 dhseruffl),
1980 3327 2206 3422 quibuscum
2221 3329 2267 3398 do

1277 3430 1429 3510 litteras,
1455 3449 1529 3496 non
1550 3425 1840 3512 laboretantum,
1865 3429 2055 3502 sedetiam
2079 3429 2268 3500 iracundia

1278 3529 1479 3612 excrucior,
1506 3549 1612 3621 quam
1630 3534 1828 3600 accendunt
1848 3525 1937 3598 mihi
1961 3530 2130 3600 iuvenum
2151 3531 2270 3600 insul-

1277 3655 1335 3702 sae
1351 3629 1571 3720 cupiditates.
1620 3625 1717 3698 Bene
1731 3629 1826 3714 vale,
1851 3631 1909 3700 die
1932 3625 1995 3704 ΙΙΙ.
2014 3630 2177 3722 dugenti,
2197 3653 2269 3724 quo

1277 3731 1389 3804 nostri
1413 3730 1506 3802 cives
1529 3731 1574 3800 ad
1596 3729 1728 3822 plateas
1746 3731 1918 3801 delevisse
1934 3729 2114 3805 Persicum
2133 3732 2270 3802 exerci-

1277 3841 1353 3907 tum
1374 3831 1553 3908 dicuntutt

1834 3927 2025 4027 Philippus
2038 3927 2221 4009 Melanth.

1961 4290 1994 4356 ι.
2012 4283 2095 4372 aug.
2109 4285 2168 4368 (ι.
2182 4287 2252 4368 aa)

1927 4377 2267 4420 m

1611 4483 1666 4576 Β.
1695 4483 1933 4572 Schellero.
1961 4539 1966 4557 ·
2009 4435 2016 4440 -

1378 4645 1462 4718 spat.
1477 4645 1568 4702 ιιι.ιι.
1582 4666 1609 4719 p.
1620 4645 1682 4704 us.
1700 4647 1777 4718 (ιιιι
1791 4645 1881 4704 rasa.
1894 4645 1943 4702 ιιι.
1956 4639 1993 4701 u:
2004 4663 2048 4718 ep.
2060 4643 2146 4710 sot).

1276 4279 1473 4406 usus·

1416 4799 1472 4876 D.
1495 4798 1828 4876 Bartolomaeo
1853 4797 2117 4874 Schellero.
2253 4769 2257 4776 .

1277 4917 1324 5010 S.
1349 4935 1396 5012 D.
1446 4935 1574 5026 Ingens
1588 4933 1657 5006 Dei
1673 4939 1808 5007 doniam
1822 4933 2018 5008 esthabere
2040 4935 2173 5005 liberos
2190 4933 2268 5002 ido-

1278 5065 1364 5112 neos
1393 5039 1437 5110 ad
1467 5039 1653 5126 virtutem,
1686 5052 1720 5110 et
1750 5039 1932 5142 doctrinae
1956 5059 2110 5154 capaces.
2170 5035 2268 5109 Talis

1280 5189 1511 5208 μ

1312 5277 1340 5346 ⁰)
1357 5271 1517 5330 Musterus?

1311 5361 1362 5430 fl)
1380 5355 1554 5418 Murmur
