4722 5808
207 284 280 358 871
774 274 1211 364 urls'roualtun
1276 285 1386 366 LlB.
1420 285 1486 362 lx,
1539 285 1673 369 1646.
2180 301 2259 380 072

210 461 391 554 quendam
410 433 631 530 Εὖτωτιδαν
645 453 694 552 (l)
710 481 746 528 se
763 457 879 550 ipsum
895 458 1101 546 lascinasse,
1127 483 1206 530 cnm
1261 458 1451 530 deliberari
1466 458 1674 550 diligentius
1690 464 1832 554 poterit.
1890 465 1974 541 Fuit
1989 471 2175 543 nobiscum
2190 497 2255 564 pa-

211 585 287 634 sese
308 573 479 652 spectaret
503 559 732 646 influmine,
764 560 870 630 etita
893 562 1027 631 fascino
1050 561 1208 652 periisse.
1261 571 1336 630 stor
1362 557 1541 632 Ecclesiae
1563 555 1811 652 Cosvicensis,
1844 572 2025 643 modestus
2056 587 2091 644 et
2120 577 2256 666 probus

211 659 359 756 Opiuor
374 675 408 732 ct
427 657 470 734 V
466 658 559 730 ilum
575 661 632 732 sui
648 662 884 732 admiratione
898 663 1107 733 fascinatum
1125 685 1209 748 esse,
1259 661 1333 744 vir,
1363 661 1428 754 qui
1448 663 1516 750 ait,
1548 664 1620 734 nisi
1642 667 1793 738 accessio
1816 669 1937 764 aliqua
1959 678 2005 744 ad
2034 676 2254 767 stipendium

210 779 247 836 ct
262 764 331 838 sibi
344 764 511 832 morbum
528 785 718 850 accersere;
742 766 838 858 quod
855 765 1000 857 quidem
1013 765 1207 858 aliquando
1258 761 1337 848 fiat,
1370 787 1434 832 nec
1457 787 1511 844 se,
1545 789 1611 836 nec
1633 767 1744 838 alium
1775 785 1972 859 pastorem,
2003 777 2110 847 etiam
2133 778 2255 868 fruga-

211 865 309 938 Deus
329 867 501 938 ostendet.
552 861 630 952 Ego
647 865 680 934 ei
702 889 768 935 nec
791 866 884 934 male
906 867 1008 951 volo,
1034 889 1099 935 nec
1124 867 1209 936 laesi
1260 863 1348 945 lem,
1372 887 1474 956 posse
1489 865 1541 936 ibi
1555 891 1711 942 manere.
1762 867 1943 944 Hactenus
1957 899 1994 944 se
2009 877 2135 947 officiis
2150 903 2254 971 prae-

211 991 294 1039 enm
312 967 386 1036 ulla
402 966 441 1034 in
458 966 636 1039 resciens.
688 963 766 1057 lpse
787 990 844 1035 me
859 968 982 1038 multis
997 967 1114 1038 modis
1136 968 1209 1038 lae-
1259 966 1343 1035 fecti
1359 966 1493 1037 mortui
1511 968 1694 1038 interdum
1716 971 1878 1042 adiutum
1895 999 1979 1045 esse.
2028 977 2120 1049 Cum
2135 995 2253 1052 autem

212 1071 276 1154 ait,
301 1069 363 1138 sed
392 1061 526 1162 κωφὸν
548 1063 656 1161 βέλος
680 1063 820 1163 ἀνδρὸς
844 1062 1062 1155 ἀνάλκιδος,
1090 1069 1209 1162 inquit
1260 1064 1299 1132 in
1332 1091 1374 1136 eo
1408 1068 1487 1137 loco
1523 1071 1629 1141 multi
1665 1073 1799 1144 fuerint
1830 1071 2069 1148 Ecclesiastici
2105 1083 2254 1168 reditus,

212 1169 401 1241 Homerus.
452 1167 526 1238 Nec
548 1183 668 1238 tamen
694 1171 805 1260 magis
827 1171 989 1240 rabiosus
1012 1170 1051 1240 in
1071 1195 1128 1239 me
1150 1171 1208 1238 in·
1259 1191 1388 1260 quaeso
1423 1183 1464 1239 ut
1496 1166 1537 1245 C.
1569 1170 1614 1240 V.
1648 1174 1779 1244 scribat
1815 1173 2057 1249 lllustrissimo
2090 1181 2253 1274 Principi

211 1272 343 1356 currit,
367 1294 475 1364 quam
500 1269 562 1339 alii
585 1271 731 1363 quidam
751 1266 844 1339 mihi
866 1272 978 1362 magis
1006 1271 1207 1356 familiares,
1266 1263 1540 1366 Wlsgongo‚'
1565 1286 1605 1342 ut
1638 1275 1723 1342 addi
1755 1278 1969 1347 mediocrem
2003 1285 2252 1366 accessionem,

213 1374 313 1444 nulla
344 1395 443 1440 ame
467 1371 600 1441 iniuria
622 1372 749 1446 affecti.
781 1370 873 1443 «Sed
897 1374 998 1443 deleo
1022 1373 1206 1443 exanimo
1260 1393 1321 1438 seu
1347 1373 1518 1442 frumenti
1543 1387 1577 1443 et
1605 1374 1805 1464 lignorum,
1835 1401 1898 1448 seu
1921 1383 2109 1476 pecuniae,
2141 1397 2252 1459 curet.

212 1474 377 1546 funditus
403 1495 527 1543 omnes
555 1473 710 1564 privatas
739 1473 950 1556 simultates,
983 1498 1024 1543 ac
1053 1474 1206 1566 simplici
1257 1469 1333 1542 Scit
1347 1469 1387 1546 C.
1403 1471 1447 1546 V.
1463 1475 1618 1564 potuisse
1635 1469 1703 1547 hoc
1726 1477 1803 1546 fieri
1827 1493 1929 1551 antea
1950 1484 2035 1554 satis
2054 1487 2252 1560 commode.

212 1576 332 1647 studio
355 1574 513 1667 quaesivi
533 1574 731 1644 doctrinam
745 1569 923 1645 Ecclesiae
940 1587 1112 1660 veterem,
1138 1601 1206 1668 pu-
1256 1569 1361 1642 Nunc
1377 1575 1507 1645 accidit
1522 1575 1616 1669 quod
1633 1577 1777 1660 dicitnr,
1801 1573 1916 1676 Quod
1928 1607 2002 1653 non
2021 1583 2120 1655 tollit
2136 1573 2253 1658 Chri.

213 1701 309 1756 ram,
334 1676 491 1758 firmam,
513 1675 766 1767 incorruptam.
824 1673 872 1746 Et
892 1678 1056 1768 permitto
1081 1679 1126 1746 de
1146 1701 1204 1746 me
1256 1679 1357 1758 stus,
1402 1671 1501 1744 tollit
1524 1671 1657 1769 fiscus.
1725 1678 1891 1752 Vidimus
1924 1689 2250 1778 sumptuosissimos

213 1778 388 1850 iudicium
413 1776 480 1846 toti
499 1772 677 1846 Ecclesiae
700 1789 735 1846 et
758 1778 925 1848 omnibus
947 1779 1017 1870 piis
1037 1792 1072 1848 et
1092 1779 1205 1848 doctis
1255 1773 1362 1844 luisse
1389 1773 1571 1870 Principes
1602 1791 1743 1850 nostros
1773 1783 1813 1851 in
1841 1786 1946 1856 rebus
1975 1789 2183 1875 inutilibus,
2216 1801 2252 1862 et

213 1879 347 1972 ubique
371 1891 564 1948 terrarum:
591 1901 669 1948 sum
687 1878 792 1946 etiam
808 1875 1013 1950 adhortator
1028 1880 1205 1966 omnibus,
1254 1877 1479 1967 parcissimos
1497 1881 1537 1948 in
1551 1877 1720 1950 Ecclesiis
1736 1893 1769 1952 et
1785 1885 1911 1956 studiis
1925 1889 2100 1965 fovendis.
2142 1889 2250 1962 Nunc

213 1996 255 2053 ut
276 1979 393 2050 studia
417 1977 692 2068 coniungamus,
725 1995 766 2049 ut
789 1981 952 2051 doctrina
975 1981 1138 2052 salutaris
1159 1983 1204 2051 ad
1256 1980 1525 2050 commonefacti
1540 2006 1669 2072 poena,
1694 1983 1832 2054 utinam
1847 1987 1919 2058 sint
1932 1991 2153 2062 liberaliores
2168 2015 2250 2084 erga

213 2093 371 2175 posteros
386 2094 611 2172 propagetur.
664 2079 789 2150 Talem
809 2082 970 2152 animum
981 2096 1103 2154 statuo
1117 2107 1205 2154 con·
1254 2073 1462 2154 Ecclesiam.
1513 2079 1611 2152 Bene
1626 2084 1742 2155 valeat
1758 2081 1799 2160 C.
1812 2085 1858 2162 V.
1909 2087 1977 2160 Die
1993 2095 2055 2168 20.
2072 2091 2204 2168 Octob.

213 2183 336 2253 venire
357 2177 536 2250 Ecclesiae
560 2181 650 2261 civi,
685 2205 751 2251 nec
771 2205 828 2251 me
847 2199 1032 2275 propterea
1056 2185 1204 2254 eiectum

214 2308 286 2355 esse
302 2307 343 2352 ex
359 2279 517 2351 Ecclesia
534 2282 672 2366 iudico,
698 2283 833 2354 etiarnsi
847 2285 1043 2354 maledictis
1058 2299 1119 2355 aut
1132 2287 1205 2354 ira-

212 2401 331 2458 torum
359 2396 422 2453 aut
444 2383 700 2453 malevolorum
728 2386 872 2458 obruor.
924 2384 1104 2477 Scriptum
1135 2399 1203 2456 est:
1254 2439 1316 2514 Nn
1335 2436 1446 2515 3295·
2084 2469 2143 2528 21·
2162 2457 2236 2522 One.

2067 2547 2240 2577 Μ

213 2485 426 2558 maledicent
458 2484 532 2568 illi,
567 2498 602 2554 et
629 2481 726 2554 Deus
756 2486 957 2572 benedicet;
992 2487 1100 2580 idque
1126 2487 1204 2556 lieri
1261 2537 1433 2566 m

213 2585 385 2659 hactenus
406 2599 569 2676 expertus
591 2608 669 2656 sum
692 2599 727 2657 et
748 2583 824 2656 Deo
847 2589 975 2677 gratias
999 2610 1082 2678 ago,
1107 2589 1203 2681 quod

212 2713 291 2759 mea
310 2686 427 2758 studia
447 2687 556 2770 rexit,
586 2701 628 2756 ut
647 2687 767 2780 aliquo
789 2691 897 2758 modo
919 2691 1121 2781 prodessem
1147 2690 1204 2758 di·
1554 2643 1605 2735 G·
1631 2647 1943 2736 Bll⁰hh⁰lz⁶rffi

216 2791 395 2862 scentibus
415 2787 614 2857 doctrinam
634 2783 830 2871 Ecclesiae,
863 2803 897 2860 et
921 2791 1008 2860 alias
1038 2787 1204 2860 honestas
1391 2819 1488 2874 Manlii
1503 2820 1602 2894 sarug.
1620 2844 1648 2896 p,
1660 2825 1712 2882 ³76
1729 2846 1771 2899 ,g

112 2951 114 2960 ,
215 2907 325 2974 artes,
352 2901 386 2958 et
408 2883 525 2959 adhuc
547 2913 632 2974 oro,
656 2903 696 2960 ut
711 2915 768 2960 me
789 2915 927 2983 semper
949 2893 1052 2962 faciat
1075 2897 1204 2971 σκεῦος

218 2989 355 3076 ἐλέους,
390 3013 455 3058 nec
478 2991 570 3060 ,inat
593 2992 749 3061 mefieri
775 2997 903 3073 σκεῦος
929 2991 1053 3092 ὀργῆς,
1105 2992 1202 3062 Βρῃρ
1260 2967 1481 3045 Venerando
1495 2976 1589 3062 viro,
1612 2989 1673 3055 etc.
1688 2977 1744 3056 D.
1769 2977 1972 3078 Georgia
1995 2981 2249 3062 Buchluol-
2358 2999 2359 3016 ¹

214 3097 305 3168 vale.
356 3087 553 3184 Epistolam
584 3085 629 3163 V
626 3089 672 3160 in·
697 3107 732 3164 et
762 3091 914 3188 hymnos
945 3097 1104 3179 remitt03
1141 3091 1205 3164 hos
1569 3102 1691 3164 ΜΟ,
1717 3084 1930 3172 amimuo,

216 3195 291 3288 ipse
306 3195 464 3266 editurus
481 3217 596 3277 eram,
619 3195 679 3262 sed
698 3196 781 3288 quia
798 3196 925 3287 repetis
943 3197 1035 3265 misi.
1070 3194 1203 3265 ltenrm
1256 3182 1302 3273 S.
1329 3203 1373 3275 D,
1431 3206 1644 3280 venerande
1684 3213 1758 3298 vir,
1804 3229 1840 3286 01
1879 3217 1990 3288 amice
2031 3215 2250 3298 charissime,

215 3299 306 3369 vale.
356 3293 424 3364 Die
440 3293 556 3364 Lucae
575 3291 684 3368 1645.
1119 3341 1123 3346 ·
1256 3301 1427 3399 Exempla
1452 3311 1648 3382 carminum
1674 3315 1739 3384 lilii
1750 3311 1776 3412 ¹)
1805 3317 1907 3387 vobis
1937 3321 2057 3391 mitto:
2090 3347 2180 3416 quae
2202 3325 2251 3392 li-

318 3411 479 3495 guadffl,
501 3434 548 3479 ne
568 3411 683 3501 litiges
704 3437 783 3482 cum
803 3409 909 3496 Viso,
934 3417 994 3482 ,ed
1018 3417 1207 3504 abrumpas
1259 3406 1384 3477 beuter
1401 3410 1459 3478 edi
1474 3415 1614 3497 curavi,
1639 3429 1679 3485 ut
1694 3411 1761 3488 hac
1784 3419 1985 3490 celebritate
2007 3424 2100 3493 filius
2117 3425 2250 3495 invita-

319 3525 429 3583 totam
461 3508 553 3582 hanc
579 3514 876 3605 disputationem,
910 3515 990 3608 quia
1013 3513 1110 3585 Deus
1131 3539 1206 3584 eam
1259 3524 1373 3595 retur,
1398 3524 1438 3580 ut
1460 3505 1545 3582 haec
1572 3517 1687 3585 studia
1708 3532 1743 3588 et
1761 3521 1872 3609 magis
1893 3537 2003 3607 amet,
2028 3537 2062 3594 et
2076 3527 2249 3598 libentius

318 3615 540 3689 diiudicabit,
1260 3625 1426 3680 exerceat.
1476 3610 1615 3684 Deinde
1638 3619 1740 3687 vobis
1761 3620 1865 3690 etiam
1892 3625 2065 3714 voluptati
2087 3650 2161 3697 esse
2181 3629 2249 3697 filii

1065 3715 1070 3722 '
1261 3711 1440 3798 indolem,
1474 3729 1508 3784 et
1530 3717 1661 3786 iudicia
1683 3721 1728 3788 de
1756 3745 1798 3790 eo
1819 3717 2012 3795 honorifica
2033 3728 2127 3797 volo.
2176 3727 2250 3800 Dei

1260 3815 1447 3899 beneficio,
1472 3841 1562 3886 vena
1584 3832 1635 3888 est
1656 3821 1739 3890 satis
1759 3824 1886 3893 foelix:
1909 3849 1949 3893 ac
1969 3829 2071 3898 valde
2092 3831 2248 3920 optarim

1061 3937 1209 4009 Νοῦς,
1261 3915 1293 3983 ei
1327 3917 1479 4006 proponi
1511 3921 1693 4006 materias,
1728 3947 1817 4015 quae
1850 3925 2033 4014 gignerent
2062 3931 2250 4024 aliquanto

1065 4029 1195 4056 Μ
1259 4017 1466 4104 grandiores
1487 4043 1620 4090 versus.
1678 4017 1834 4095 Oremus
1859 4041 1976 4096 autem
1995 4027 2110 4100 Deum
2134 4047 2251 4104 aeter-

483 4125 668 4244 Georgt'o
694 4127 954 4214 Anhaltim,
1260 4141 1346 4186 num
1364 4133 1499 4208 patrem
1513 4119 1660 4189 Domini
1683 4126 1796 4194 nostri
1812 4124 1891 4195 Iesu
1905 4124 2056 4216 Christi,
2081 4136 2249 4206 condito-

1260 4241 1334 4286 rem
1359 4220 1496 4308 generis
1517 4215 1685 4304 humani,
1710 4240 1744 4294 et
1761 4223 1939 4299 Ecclesiae
1961 4254 2062 4318 suae,
2087 4249 2128 4305 ut
2149 4249 2249 4326 regat

289 4308 571 4448 ⁸⁹l2a³¹¹,l}?t‚1¹.¹a
584 4309 921 4448 ca²ata³¹2aaa
937 4309 1209 4448 'astillian
1259 4319 1452 4388 ¹¹¹¹¹¹t⁰r¹¹¹¹¹
1470 4321 1623 4408 ³⁰ss⁰¹¹³³2
1648 4339 1688 4393 ¹¹²
1704 4326 1789 4395 Μ
1807 4327 1981 4428 ⁰W⁶0⁷⁰²
1996 4332 2108 4419 θεοῦ)
2136 4351 2171 4406 ²²
2186 4363 2248 4408 ⁰²·

322 4445 432 4500 Lutheri
459 4447 491 4498 ,g
517 4447 742 4500 L„„„1,„g5„,„
768 4449 796 4501 d,
815 4449 856 4501 19.
876 4447 941 4501 Oct.
964 4447 990 4502 h.
1013 4465 1037 4502 ῃ,
1064 4447 1149 4518 (apud
1174 4447 1208 4499 a,
1259 4441 1348 4509 gana
1366 4421 1532 4489 salutaria
1547 4419 1736 4500 Ecclesiae.
1785 4426 1912 4499 Nescio
1933 4437 2028 4502 unde
2044 4435 2090 4505 sit
2105 4452 2247 4509 tantum

319 4513 418 4570 wan.
435 4513 470 4567 T·
487 4515 519 4574 V·
537 4533 563 4586 Ρ·
577 4515 663 4578 ⁷⁶²·l·
1259 4521 1381 4590 odium
1403 4522 1570 4592 adversus
1592 4549 1649 4595 me
1668 4528 1706 4596 in
1725 4531 1902 4600 veteribus
1919 4535 2131 4626 quibusdam
2144 4541 2247 4608 ‘ami-

357 4663 400 4736 D
436 4659 556 4737 Ge„r
597 4663 640 4736 ἑο
667 4659 837 4736 Primii
859 4665 898 4736 in
924 4659 1071 4736 Anhal,
1259 4617 1364 4738 cis²),
1395 4645 1474 4741 cum
1490 4623 1557 4714 ipsi
1578 4627 1843 4744 sciantnullum
1860 4655 1995 4704 novum
2011 4639 2246 4726 dogmaame

403 4721 411 4739 ’
561 4691 588 4760 g
794 4691 818 4764 Ρ
1257 4735 1414 4811 genitum
1439 4747 1529 4804 esse,
1564 4740 1598 4796 et
1624 4753 1662 4795 ιιι
1687 4731 1899 4822 quibusdam
1923 4738 2094 4806 mediocri
2124 4743 2244 4814 studio

219 4787 267 4880 S·
284 4803 329 4880 D.
381 4802 619 4873 illustrissime
644 4817 678 4874 el
698 4801 1005 4898 ReverflssdlSSlffle
1027 4802 1207 4896 Princeps,
1257 4825 1450 4920 quaesitam
1474 4849 1544 4894 esse
1567 4851 1684 4897 veram
1707 4847 1740 4903 et
1760 4835 1941 4924 propriam
1957 4839 2243 4928 explicationem:

219 4908 275 4979 De
292 4907 432 4999 publica
450 4905 672 4975 absolutione
694 4905 860 4974 collocuti
876 4928 996 4974 sumus
1012 4903 1056 4978 D.
1072 4902 1206 4977 Doctor
1255 4947 1361 5017 quam
1384 4926 1447 4994 diu
1471 4927 1575 4996 etiam
1597 4924 1653 4998 hi,
1668 4927 1894 5006 Ecclesfisad
1915 4941 2143 5012 concordiam
2157 4969 2243 5036 pm.
2358 4911 2359 4976 Ῐ

221 5003 425 5103 Gffl'd'l‘lia
457 5019 490 5076 ‘l
513 5029 588 5096 ‘8⁰0
638 5003 1070 5091 A⁶1¹ll¹i⁰⁸Vl⁸⁰¹¹¹⁰⁵iv
1103 5030 1204 5098 saepe
1254 5026 1360 5096 luisse
1390 5042 1665 5102 consentaneum
1696 5047 1759 5104 est.
1817 5035 1888 5108 Sed
1908 5037 2105 5112 Ecclesiam
2128 5059 2165 5116 et
2186 5070 2242 5117 me
2358 5021 2359 5036 ἵ

220 5107 355 5181 hortari
370 5110 565 5191 auditores,
591 5121 630 5176 ut
651 5107 822 5198 privatam
839 5120 971 5198 petant.
1023 5107 1201 5198 Scriptum

219 5226 271 5282 est
293 5212 407 5296 enim,
432 5205 480 5278 Si
503 5217 614 5304 patet,
640 5206 776 5277 remitte
797 5207 840 5282 ei.
898 5205 951 5276 Ac
969 5202 1201 5300 Noribergoe
1253 5223 1458 5238 -....-..

218 5313 374 5382 vidimus
400 5311 615 5402 exemplum3
649 5311 832 5402 pauciores
862 5323 987 5399 petunt
1015 5310 1199 5399 privatam,
1289 5335 1312 5403 t)
1332 5335 1414 5388 Noas
1431 5339 1628 5396 amomum

218 5437 299 5484 cum
316 5414 481 5486 recitetur
493 5414 646 5506 publica.
695 5410 766 5484 Sed
781 5413 826 5480 cle
848 5405 914 5481 hac
928 5423 1002 5482 tota
1016 5435 1054 5478 re
1071 5411 1198 5482 iterum
1284 5437 1313 5506 2)
1332 5435 1440 5492 unffi„
