4654 5804
97 244 161 321 ros
658 211 1093 316 aetsruaanuu
1140 235 1364 316 atu-tx.-
1402 235 1544 316 sacas·
2041 233 2117 323 tos·

96 442 221 491 mecum
240 419 285 488 de'
304 413 398 510 nep.
422 423 524 508 sa'epe
546 414 686 486 locutus
712 424 782 497 est,
807 411 918 482 multa
940 412 985 481 de
1005 411 1071 482 do-
1134 443 1140 455 .
1221 403 1592 502 Milichiusscr'ipsit
1614 409 1659 484 de
1679 417 1806 487 morbo
1823 409 1990 520 Georgii.
2041 418 2113 492 Sed

95 523 195 594 ctrina
220 521 428 601 sciscitatus,
457 533 493 590 et
513 521 558 588 de
579 541 661 587 vera
673 515 743 586 Dei
762 511 1005 596 invocatione,
1031 537 1072 583 ac
1101 513 1202 613 'ver'i
1221 513 1338 583 tontes
1362 513 1629 586 solicitudiuum
1661 515 1772 607 ipsius
1797 514 1889 588 mihi
1920 522 1996 591 noti
2018 534 2115 603 sunt,¹

94 647 165 694 vere
178 622 338 713 praedico
359 645 416 690 me
433 621 748 691 commonefactum
770 615 881 708 ipsius
894 611 1073 690 mutuus
1100 616 1212 708 {quos
1234 639 1352 684 curam
1374 616 1540 688 turbabo.
1591 613 1666 686 Hae
1688 613 1858 710 paulatim
1882 623 2000 692 cordis
2019 625 2114 694 vires

94 725 271 796 sermonib.
286 739 321 795 et
335 723 450 816 plenis
465 723 612 815 pietate,
640 721 812 814 quaedam
827 731 949 809 postea
966 741 1075 787 aceu-
1101 719 1387 802 ,absumserunb
1419 731 1454 788 et
1477 719 1574 810 quod
1595 719 1671 788 fieri
1698 721 1804 808 solet,
1835 733 1949 794 tutttna·
1971 724 2116 818 ’στῆθος

94 827 193 898 ratius
207 839 379 899 tractasse.
411 823 503 896 Cum
518 825 628 912 igitur
642 835 678 894 et
691 820 929 910 integritatem
945 818 1070 912 ipsius,
1103 819 1420 910 ‚languelecerunb
1710 840 1713 850 ·
1791 838 1808 868 ‘·
1909 891 1914 900 ,

95 941 125 1000 ct
146 929 381 1018 prudentiam,
415 941 450 998 ct
473 939 591 997 totum
618 923 836 995 curriculum
859 921 1011 992 salutsre
1034 925 1073 992 ef
1221 919 1329 990 Facio
1351 919 1487 990 de·m'ei
1511 921 1664 1014 pectoris
1693 921 1906 996 arefactione
1929 923 2111 998 coniectu-

92 1031 167 1100 lelix
187 1031 364 1114 anamim,
387 1051 555 1118 magnum
574 1021 839 1096 mihidolorem
854 1023 929 1094 eius
944 1022 1070 1094 interi-
1121 1046 1209 1097 ram.
1264 1021 1466 1112 Libellosa
1488 1037 1522 1095 te
1545 1025 1671 1094 missos
1690 1025 1826 1118 accepi,
1850 1041 1916 1120 pto
1937 1049 2008 1120 qua
2030 1029 2110 1100 edi-

21 1171 25 1182 ,
93 1146 143 1203 tus
157 1131 267 1204 affert.
316 1127 365 1202 Et
378 1155 581 1224 quanquam
596 1151 673 1198 mea
689 1149 811 1198 caussa
823 1125 1075 1216 privatimzdue
1103 1125 1301 1196 'tiocetibi
1312 1121 1405 1216 Reip
1421 1125 1566 1196 nomine
1581 1127 1712 1216 gratias
1727 1147 1803 1215 ago.
2002 1217 2004 1220 1

94 1234 159 1316 leo,
182 1234 295 1303 amico
307 1257 363 1302 me
378 1233 441 1303 tali
456 1233 619 1302 orbatum
633 1253 723 1310 esse,
750 1229 850 1300 cuius
865 1227 951 1296 lides
965 1251 1070 1320 prae·
1220 1224 1311 1296 lieri
1324 1223 1643 1298 litterasaBucero
1654 1229 1785 1320 accepi,
1799 1229 1967 1322 quividit'
1977 1231 2114 1302 editam·

94 1335 175 1404 sidio
191 1330 278 1404 mihi
294 1358 367 1404 esse
380 1347 537 1428 poterat,
562 1347 680 1402 tamen
692 1329 797 1422 Reip.
819 1321 938 1401 caussa
959 1329 1070 1418 magis
1120 1319 1323 1420 κατήχησιν
1344 1325 1580 1423 Graecam),
1609 1353 1692 1400 nam
1712 1329 1842 1426 misi⁴)
1864 1326 2047 1418 Sturmc‘o,
2072 1346 2108 1404 et

95 1437 239 1522 crucior,
265 1438 309 1506 de
326 1459 395 1528 qua
420 1436 623 1528 praesertim
646 1454 743 1502 nunc
759 1434 796 1501 in
813 1431 1069 1522 gubernatione
1121 1453 1235 1520 nuper
1263 1428 1345 1497 misi
1370 1424 1467 1500 hunc
1491 1445 1666 1502 recentem
1689 1433 1868 1518 libellum,
1909 1435 2012 1504 valde
2040 1436 2109 1505 tibi

92 1533 320 1608 Ecclesiarum
334 1537 473 1632 Mysiae
490 1537 666 1628 praeclare
681 1534 809 1603 mereri
824 1545 970 1626 poterat.
996 1530 1068 1605 Nec
1120 1529 1257 1620 gratias
1264 1531 1336 1619 agit
1350 1532 1445 1623 quod
1468 1535 1514 1602 ad
1532 1535 1726 1604 ornandam
1739 1529 1932 1604 Ecclesiam
1949 1537 2107 1606 studium

93 1639 207 1708 dubito
222 1641 393 1709 teiisdem
407 1640 536 1710 caussis
552 1635 705 1719 moveri,
719 1637 896 1730 quib-ego
910 1657 1068 1718 moveor,
1122 1649 1222 1703 tuum
1245 1633 1394 1702 coniers.
1449 1629 1649 1728 Epistulam
1679 1637 1725 1705 ad
1752 1629 1947 1706 Irenaeum
1975 1638 2110 1728 perlegi

93 1754 121 1811 et
134 1763 249 1810 sensus
265 1741 398 1810 doloris
414 1741 467 1812 tui
481 1737 714 1810 initio-acrior
730 1751 799 1824 est,
822 1749 968 1828 propter
982 1737 1070 1806 edu·
1121 1748 1242 1807 totam.
1256 1785 1261 1797 ,
1291 1729 1393 1804 Nihil
1414 1731 1506 1805 mihi
1529 1737 1569 1806 in
1590 1732 1741 1808 haesita
1756 1738 1871 1808 maius
1885 1739 1996 1809 tribui
2013 1753 2109 1832 opto,

92 1842 226 1910 cationis
239 1855 321 1912 tuae
336 1842 552 1912 memoriam.
603 1837 691 1924 Sed,
711 1837 761 1906 mi
777 1833 969 1919 loadrime,
985 1862 1069 1907 con·
1121 1859 1229 1929 quam
1244 1835 1296 1908 ihi
1312 1831 1401 1906 mihi
1414 1837 1553 1913 tribuis.
1602 1835 1681 1909 Etsi
1693 1852 1808 1910 autem
1821 1841 1933 1910 debeo
1948 1841 2015 1912 tibi
2026 1843 2110 1934 pl'u-

92 1942 253 2032 fugiamus
267 1943 312 2012 ad
327 1967 384 2012 eas
401 1943 678 2027 consolationes,
703 1961 789 2030 quas
805 1939 901 2012 Deus
917 1939 990 2029 ipse
1006 1963 1071 2030 pa·
1122 1939 1253 2008 rimum
1279 1961 1343 2028 pro
1370 1931 1438 2006 hoc
1459 1943 1531 2009 tam
1551 1936 1746 2011 honorifico
1761 1941 1982 2029 testimonio,
2009 1967 2049 2013 ac
2064 1952 2116 2014 ex'

93 2043 198 2114 tefecit
218 2039 376 2116 humano
399 2045 534 2134 generi.
581 2043 657 2114 Scis
680 2053 813 2134 quanta
838 2043 883 2110 sit
905 2041 1016 2130 caligo
1031 2041 1074 2108 in
1122 2039 1325 2108 animotibi
1340 2039 1707 2131 gratiasagu,·tamcn
1719 2067 1798 2112 cum
1811 2068 1868 2114 me
1883 2045 1984 2138 quasi
2003 2047 2046 2114 ad
2062 2046 2108 2114 il-

92 2141 307 2237 philosophia
317 2145 493 2218 Socratica
503 2148 546 2215 de
556 2145 684 2214 caussis
696 2143 819 2212 mortis
829 2143 1070 2232 etingentium
1121 2141 1193 2210 l'am
1213 2140 1401 2231 imaginem
1423 2144 1584 2230 confero,
1607 2144 1782 2237 videoque
1802 2146 1861 2214 vix
1885 2159 2019 2236 partem
2041 2147 2108 2215 ali-

94 2247 320 2318 calamitatum
343 2243 597 2331 humanarum,
629 2260 663 2316 et
686 2247 730 2313 de
751 2245 917 2314 remediis
938 2267 1069 2314 earum.
1123 2265 1229 2336 quam
1247 2242 1318 2310 mei
1338 2246 1567 2333 respondere,
1589 2267 1672 2314 sane
1693 2248 1803 2337 pudet
1825 2247 1979 2318 memei.
2031 2246 2108 2318 Vo-

95 2345 156 2418 Sed
179 2349 313 2440 prodiit
326 2346 422 2433 Deus
445 2374 485 2420 ex
507 2348 659 2417 aeternis
672 2345 818 2414 latebris
834 2347 926 2430 suis,
952 2358 986 2414 et
1009 2368 1079 2415 sua
1122 2345 1240 2414 luntas
1260 2357 1352 2414 recte
1371 2345 1524 2414 faciendi
1545 2370 1619 2416 uon
1635 2341 1866 2432 deluitmihi,
1893 2350 2017 2433 duces,
2041 2351 2109 2420 do-

92 2473 167 2518 voce
190 2451 330 2534 docuit,
359 2475 423 2520 cur
445 2443 531 2519 haec
551 2449 686 2538 fragilis
704 2459 830 2516 natura
848 2448 955 2518 tantis
970 2471 1072 2516 aeru-
1123 2460 1253 2530 ctores,
1277 2459 1436 2536 tempora
1449 2449 1648 2518 defuerunt.
1699 2447 1824 2537 Qualis
1837 2451 1945 2520 fuerit
1965 2451 2109 2541 opinio-

91 2551 174 2619 mnis
188 2553 344 2622 subiecta
363 2552 427 2634 sit,
443 2565 478 2621 ct
494 2564 638 2620 testatus
656 2563 726 2634 est,
741 2571 778 2618 se
795 2540 972 2618 Ecclesiae
990 2571 1072 2618 suae
1124 2571 1211 2617 num
1226 2549 1386 2616 confusio
1401 2548 1610 2631 meministi,
1635 2562 1767 2643 quanta
1779 2551 1930 2638 inscitia,
1955 2567 2109 2647 quantae

92 2651 279 2723 affuturum
300 2667 334 2722 ct
354 2653 611 2744 opitulaturum
631 2673 715 2724 esse.
766 2647 843 2719 Hac
859 2671 925 2718 nos
941 2650 1073 2718 doctri·
1123 2649 1288 2718 tenebrae
1311 2647 1350 2716 in
1371 2648 1443 2719 illis
1459 2651 1564 2744 ipsis,
1589 2652 1653 2746 qui
1676 2665 1758 2722 ante
1773 2652 1917 2742 triginta
1933 2677 2045 2724 annos
2068 2655 2108 2725 in

93 2776 148 2833 aa,
173 2779 265 2848 quae
286 2755 352 2824 tibi
372 2767 455 2822 nota
480 2767 548 2838 est,
579 2765 830 2835 sustentemus,
861 2775 936 2819 raon
957 2752 1072 2820 solum
1124 2749 1376 2840 gubernatione
1396 2753 1660 2839 doctrinarum,
1682 2767 1850 2848 tanquam
1871 2756 1916 2824 ad
1933 2757 2109 2844 guberna-

93 2854 127 2920 in
146 2850 211 2926 hoc
232 2858 351 2936 luctu,
384 2857 444 2924 sed
462 2855 566 2924 etiam
589 2855 628 2922 in
650 2853 773 2926 ceteris
785 2851 957 2939 miseriis,
982 2873 1073 2946 quae
1124 2852 1243 2921 culum
1259 2852 1437 2922 sedebant.
1480 2851 1585 2924 Nunc
1597 2878 1660 2924 oro
1675 2853 1813 2942 Deum,
1835 2870 1876 2926 ut
1888 2851 1980 2928 hanc
1995 2883 2110 2952 quan-

92 2957 211 3027 multae
227 2973 261 3028 et
273 2979 422 3046 magnae
437 2969 529 3028 sunt.
991 2993 995 3000 ·
1124 2954 1594 3046 tulamcunquetenuitatem
1610 2955 1790 3026 doctrinae
1813 2981 1919 3050 quam
1934 2975 2111 3031 monstra-

184 3055 282 3128 Mihi
295 3058 509 3127 maesticiam
525 3051 714 3127 hisdiebus
727 3081 807 3127 cum
822 3055 1077 3151 aliaquaedam·
1125 3055 1176 3124 vit
1198 3053 1322 3138 nobis,
1347 3051 1536 3146 provehat,
1560 3070 1596 3127 et
1618 3059 1740 3144 faciat,
1771 3071 1812 3128 ut
1834 3060 1948 3129 nostri
1969 3062 2108 3134 labores

92 3174 274 3245 auxerunt,
300 3171 376 3228 tum
392 3184 476 3230 vero
500 3159 664 3249 inprimis
681 3162 967 3231 commemoratio
982 3153 1074 3229 Bel·
1125 3157 1196 3227 sint
1219 3155 1324 3226 utiles
1340 3153 1529 3232 Ecclesiae.
1588 3155 1683 3232 Mihi
1707 3183 1772 3230 nec
1795 3161 2010 3252 voluptates,
2043 3188 2109 3235 nec

90 3257 185 3350 gisae
207 3261 437 3334 crudelitatis.
488 3258 667 3330 Interiecti
689 3274 773 3330 sunt
796 3285 916 3330 recens
929 3261 1072 3355 quidam
1124 3258 1335 3350 potentiam,
1360 3281 1425 3328 nec
1438 3281 1522 3351 opes
1537 3259 1707 3353 quaesivi.

93 3355 324 3447 arlatensis,
349 3361 578 3432 concionator
596 3359 754 3432 Gallicae
770 3357 963 3447 Ecclesiae,
983 3386 1073 3458 quae
1210 3345 1405 3428 -Carolum
1420 3361 1559 3432 laudari
1574 3386 1593 3432 a
1608 3375 1642 3436 te
1655 3364 1788 3455 placet,
1814 3365 1879 3436 atsi
1895 3367 2111 3457 asperiorem

93 3456 314 3553 Argentorati
341 3465 475 3549 exulat,
498 3463 555 3532 vir
576 3465 700 3532 doctus
722 3476 758 3534 et
772 3487 846 3533 non
868 3466 1074 3557 inquinatus
1126 3462 1201 3532 lieri
1226 3463 1350 3537 sentio.
1406 3459 1456 3532 Et
1476 3458 1535 3534 hic
1564 3479 1758 3536 conventus
1786 3467 1862 3536 eius
1889 3469 2110 3538 voluntatem

92 3561 165 3634 labe
186 3566 338 3636 fanatica
370 3566 463 3650 ulla,
485 3578 530 3635 et
551 3558 731 3656 Aegidr'us
751 3562 1007 3648 Bruxelleusis‚
1039 3579 1074 3634 et
1125 3563 1236 3652 magis
1275 3565 1479 3638 declarabit.
1541 3563 1634 3636 Nam
1668 3560 1879 3636 Grancalus
1908 3568 1980 3638 iam
2010 3570 2111 3641 venit

93 3680 246 3738 matrona
269 3667 402 3737 nobilis
422 3661 708 3750 Darentriensis
729 3691 810 3736 cum
824 3668 962 3736 duabus
982 3667 1074 3743 filia·
1133 3658 1404 3740 Wormatiam.
1461 3663 1673 3736 Secuturum
1705 3691 1777 3738 esse
1807 3669 2010 3756 dominum,
2046 3672 2113 3742 ubi

92 3765 152 3837 hus
172 3769 301 3861 pudice
326 3782 360 3839 et
387 3769 444 3860 pic
469 3768 635 3838 educatis.
684 3763 733 3838 Et
755 3767 885 3862 similes
904 3764 1074 3839 historiae
1125 3767 1260 3838 curatio
1275 3761 1401 3836 Edoni
1423 3789 1484 3836 seu
1508 3764 1659 3839 Guaiaci
1679 3771 1985 3857 fueritabsoluta,
2007 3795 2112 3864 pror-

92 3869 173 3940 aliae
185 3872 397 3954 recitantur,
412 3895 563 3966 quarum
575 3869 806 3960 cogitatione,
821 3871 959 3940 utinam
973 3870 1074 3962 prin·
1128 3891 1185 3959 sus
1206 3867 1378 3940 existimo.
1416 3866 1549 3938 Verum
1564 3871 1766 3963 quicunque
1780 3885 1884 3944 erunt
1899 3874 2029 3958 exitus,
2045 3898 2112 3944 nos

93 3969 264 4062 cipesviri
280 3968 558 4066 moverentur¹).
1127 3971 1320 4040 necessaria
1351 3969 1573 4058 scripsimus,
1607 3996 1681 4040 non
1715 3973 1914 4063 petulanter
1945 3977 2114 4046 novimus

185 4070 312 4145 Rediit
327 4087 447 4144 noster
458 4071 656 4171 Hispanus
669 4065 959 4166 franciscum),
981 4073 1076 4141 divi·
1127 4071 1306 4162 Rempnb.
1344 4072 1512 4142 futilium'
1539 4075 1765 4165 questionum
1809 4074 2015 4165 agitatione,
2069 4091 2112 4150 ut
2211 4089 2214 4094 '

95 4173 186 4244 nitus
214 4177 404 4259 liberatus,
435 4175 510 4246 sine
538 4199 604 4267 ope
629 4175 738 4245 ullius
764 4171 939 4259 hominis,
971 4197 1076 4266 quem
1128 4169 1265 4246 Rhodii
1279 4171 1481 4243 Minervam
1497 4189 1720 4266 quaerentes,
1739 4178 1954 4247 matulamne
1966 4177 2007 4246 'in
2021 4193 2113 4248 tem-

96 4276 233 4366 quidem
253 4278 328 4367 ipse
351 4277 466 4358 norit,
493 4277 580 4348 iussi
603 4301 682 4346 cum
708 4272 893 4346 historiam
915 4276 1077 4360 scribere,
1128 4277 1228 4367 plum
1243 4279 1288 4346 ad
1303 4273 1573 4366 Epulatiunem‚
1597 4301 1687 4369 quae
1700 4290 1814 4348 totum
1836 4279 1930 4348 diem
1952 4281 2114 4368 durabat,

95 4400 194 4470 quam
217 4380 287 4448 tibi
309 4378 504 4452 afferemus.
566 4377 737 4449 Feramus
764 4378 873 4468 igitur
898 4377 939 4445 in
970 4378 1077 4448 tantis
1129 4380 1260 4448 inferre
1284 4377 1423 4460 liceret,
1456 4391 1574 4468 postea
1595 4393 1717 4448 rursus
1739 4379 2019 4469 interrogarunt,
2050 4407 2115 4453 au-

95 4473 192 4552 Publ.
214 4477 395 4550 Ecclesiae
426 4481 577 4550 miseriis
605 4487 711 4551 etiam
740 4492 860 4548 nostra
886 4500 1013 4562 onera,
1044 4493 1078 4550 et
1130 4503 1274 4549 reamnc
1306 4503 1352 4546 an
1385 4492 1568 4548 testaceam
1601 4479 1732 4550 inlerre
1765 4481 1944 4554 deberent.
2002 4481 2113 4555 Utilia

94 4599 317 4667 agnoscamus
340 4605 380 4650 ac
402 4583 626 4673 deploremus
647 4603 800 4667 caussas,
833 4593 866 4650 et
888 4580 1080 4669 mitigatio-
1130 4595 1222 4652 certe
1235 4579 1481 4673 quaesivimus.
1527 4579 1727 4666 Postremo,
1752 4582 1816 4652 etsi
1830 4607 1885 4652 me
1900 4591 2042 4678 qnoque
2056 4609 2115 4655 re-

95 4703 171 4750 nem
184 4697 362 4774 petamus,
387 4697 429 4752 ut
449 4707 550 4774 saepe
564 4679 763 4773 Prophetae
777 4681 972 4752 clamitant:
1005 4679 1081 4752 Re-
1131 4705 1344 4775 sponsurum
1368 4682 1440 4750 esse
1464 4681 1656 4771 significas,
1681 4696 1799 4752 tamen
1822 4691 1940 4754 caussa
1963 4687 2010 4754 ita
2032 4709 2114 4777 per-

97 4786 238 4854 cordare
258 4783 373 4869 Deus,
399 4809 479 4855 cum
504 4785 680 4870 irasceris,
705 4784 967 4854 misericordiae
989 4796 1080 4870 tuae,
1132 4779 1271 4877 orata³)
1291 4797 1375 4852 esta
1401 4797 1453 4867 te,
1482 4799 1522 4854 ut
1536 4785 1603 4856 sim
1624 4785 1786 4874 ineptus,
1820 4785 1850 4856 si
1869 4787 1956 4879 quid
1970 4789 2113 4858 addam:

97 4905 158 4954 nec
182 4898 294 4956 totam
316 4885 406 4955 iram
432 4899 529 4955 tuam
559 4887 745 4967 accendas,
779 4907 880 4956 serva
904 4883 1083 4956 Ecclesiae
1133 4885 1271 4958 Tamen
1292 4899 1332 4955 ut
1348 4885 1405 4954 vel
1421 4885 1486 4956 tibi
1501 4897 1794 4975 morein‘ger'am,
1818 4888 1953 4979 aliquid
1970 4911 2115 4979 compo-

98 4987 279 5080 reliquias,
312 5009 376 5058 nec
399 5008 466 5058 nos
489 4986 633 5078 obiicias
651 4987 905 5079 interimpiost
954 4984 1081 5079 Mitiga
1134 5012 1236 5072 nam,
1261 5011 1341 5056 cum
1364 4988 1409 5056 ab
1434 4987 1557 5058 aulicis
1579 4989 1695 5080 operis
1719 5011 1808 5084 quac
1830 5011 2001 5084 menunc
2022 4991 2115 5062 deti-

95 5084 179 5156 iram
195 5101 305 5162 tuam.
2012 5119 2014 5124 ·

99 5239 331 5260 ...υ-...ιυ-

1167 5243 1195 5310 8)
1214 5244 1280 5300 Mat.
1298 5205 1389 5301 tuom.
1478 5229 1481 5235 Α

132 5335 159 5398 1)
176 5331 244 5386 Met.
260 5335 396 5402 principes
408 5333 505 5387 nostri
514 5341 702 5388 mouerentur.
1169 5333 1198 5401 l)
1216 5331 1281 5388 Mst.
1299 5347 1374 5387 eam.

130 5415 160 5480 Ξ)
177 5413 333 5484 Dryander.
1172 5415 1204 5488 ⁵)
1218 5424 1375 5486 perornata
1391 5423 1455 5473 nasi.

116 5491 274 5562 ΜιΑιτι.
288 5495 393 5562 Orsa.
419 5493 504 5563 Vos..
516 5495 561 5562 V.
1316 5486 1367 5565 45
