4722 5808
185 259 261 334 sor
760 257 1199 342 nrtsroxxttun
1250 263 1359 346 nra.
1391 267 1456 346 rx
1508 239 1644 343 ists.
2031 240 2036 248 “
2152 266 2231 339 sos

187 457 266 506 mea
284 432 534 508 immundicies
549 433 691 526 tegitur.
730 433 821 520 ,lmo
837 461 922 509 vero
938 461 1020 508 cum
1035 439 1184 531 gemitus
1231 455 1309 512 turn
1322 439 1517 528 studiosos,
1539 464 1694 536 quorum
1709 438 1847 510 iudicia
1860 434 1978 510 adhuc
1993 461 2057 530 per
2076 450 2227 508 aetatem

189 537 265 610 eius
288 549 323 606 et
343 537 515 631 lacrymas
535 537 641 608 amici
656 537 837 625 viderent,
858 555 892 611 et
905 543 1031 612 mortis
1048 555 1184 614 metum
1230 543 1427 614 infirmiora
1456 556 1557 630 sunt,
1590 568 1739 625 moneo,
1774 566 1820 612 ne
1841 540 1983 632 tragicis
2011 539 2227 610 elamoribus

189 641 379 729 indignum
401 637 465 706 tali
480 636 557 708 viro
580 663 653 710 esse
673 640 893 722 iudicarent,
919 645 1122 736 respondit,
1147 669 1184 714 se
1230 638 1486 742 Eccit,Pygii
1500 659 1533 717 et
1548 645 1719 717 similium
1734 645 2004 738 perturbentur,
2016 642 2081 736 qui
2094 641 2231 712 vocife-

189 765 267 812 non
280 765 322 810 eo
330 739 461 824 dolere,
477 741 562 834 quia
577 766 619 812 ex
626 737 774 814 hacvita
786 743 1069 818 discendendum
1086 761 1187 833 essct,
1230 763 1373 834 rantur,
1398 773 1553 830 novum,
1577 748 1801 828 inauditum,
1820 747 2032 825 absurdum,
2048 743 2231 836 pernicio-

190 845 252 913 sed
279 842 362 936 quia
388 865 486 912 nunc
512 844 623 934 magis
647 844 767 915 videat
793 869 893 915 suam
917 847 1185 919 immundiciem
1231 876 1310 920 sum
1319 853 1447 940 dogma
1456 851 1495 919 in
1505 845 1813 920 nostrisEcclesiis
1823 846 1956 940 spargi:
1976 842 2144 916 homines
2159 845 2232 914 lide

191 969 298 1040 quam
316 957 438 1024 antea,
469 968 510 1014 ac
524 946 709 1038 deplorare
731 971 768 1016 se
784 948 965 1019 miseriam
982 965 1017 1022 et
1029 975 1129 1023 suam
1153 963 1188 1021 et
1231 953 1343 1023 iustos
1358 975 1443 1021 esse.
1470 951 1644 1022 Furorem
1663 951 1899 1021 execrandum
1914 971 1988 1018 esse
2003 947 2142 1032 dicunt,
2160 947 2233 1016 lin-

191 1047 362 1130 aliorum,
384 1045 469 1138 quia
490 1071 570 1117 cum
588 1049 877 1121 circumferamus
897 1053 1009 1124 multa
1030 1053 1187 1142 ingentia
1232 1078 1312 1144 gere
1327 1049 1509 1123 hominem
1523 1053 1656 1124 noticia
1671 1054 1804 1123 iustum
1821 1073 1906 1124 esse.
1958 1045 2140 1120 Adversus
2162 1043 2233 1117 bos

192 1159 227 1218 et
249 1169 377 1216 arcana
399 1161 558 1237 peccata,
589 1161 711 1220 tamen
731 1152 844 1223 securi
865 1148 959 1222 nihil
981 1155 1188 1224 adficiamur
1232 1155 1381 1226 Titanas
1403 1156 1576 1247 opponito
1599 1155 1787 1226 conciones
1814 1153 1882 1221 filii
1903 1150 1964 1222 dei
1992 1165 2026 1220 et
2048 1149 2234 1236 Paulines,

191 1248 404 1339 cogitatione
425 1249 636 1321 iustissimae
660 1252 734 1324 irae
755 1255 825 1328 dei.
877 1251 978 1325 Alibi
1000 1257 1109 1347 igitur
1130 1257 1188 1325 di·
1232 1258 1271 1326 in
1286 1258 1417 1351 quibus
1432 1258 1536 1328 toties
1551 1258 1750 1328 inculcatur
1774 1251 1843 1326 hoc
1859 1254 2010 1324 dictum:
2032 1252 2101 1321 fide
2125 1251 2235 1320 iusti-

192 1364 284 1421 serte
304 1363 340 1420 et
361 1351 545 1442 perspicue
576 1355 759 1441 adfirmat,
784 1357 853 1425 lide
875 1358 987 1449 accipi
1009 1357 1188 1428 remissio·
1232 1360 1379 1430 ficamur
1393 1360 1511 1448 gratis.
1562 1357 1732 1451 Inprimis
1746 1381 1830 1428 vero
1843 1367 2022 1426 memento
2039 1354 2176 1424 dictum
2192 1353 2234 1422 in

191 1477 275 1546 nem
299 1465 542 1543 peccatorum,
569 1469 604 1525 et
627 1457 738 1526 iustos
760 1459 992 1549 pronunciari
1015 1484 1081 1533 nos
1103 1483 1189 1552 pro·
1233 1457 1350 1530 Actis:
1379 1455 1464 1530 huic
1488 1485 1613 1530 omnes
1637 1455 1831 1553 prophetae
1848 1455 2092 1540 testim-onium
2108 1449 2233 1548 perhi-

192 1569 270 1647 pter
295 1554 536 1630 mediatorem.
593 1553 642 1626 Et
663 1552 729 1627 hac
750 1559 818 1629 lide
842 1573 976 1632 mentes
1000 1562 1188 1632 consolan-
1232 1564 1337 1643 bent,
1370 1563 1528 1658 accipere
1549 1563 1795 1632 remissionem
1827 1571 2052 1662 peccatorum
2073 1580 2138 1648 per
2164 1581 2233 1626 no-
2299 1577 2305 1584 ·

194 1659 257 1726 das
273 1678 357 1740 esse,
373 1681 462 1748 quae
477 1673 712 1749 expavescunt
726 1673 761 1730 et
774 1661 916 1751 fugiunt
933 1665 1050 1748 deum,
1070 1662 1204 1752 agnita'
1232 1687 1315 1732 men
1339 1665 1415 1732 eius
1438 1688 1561 1734 omnes
1584 1665 1647 1757 qui
1670 1666 1819 1734 credunt
1843 1663 1884 1749 in
1907 1685 2002 1730 eum.
2053 1653 2234 1728 Omnium

194 1758 270 1826 eius
285 1756 350 1829 ira.
392 1755 509 1828 Multa
526 1759 621 1828 enim
641 1774 759 1832 extant
774 1764 849 1832 cius
866 1764 979 1850 dicta,
1005 1789 1095 1859 quae
1111 1765 1188 1835 sine
1232 1761 1486 1857 prophetarum
1508 1788 1699 1836 consensus
1724 1765 1869 1849 citatur;
1908 1757 1977 1832 hoc
1996 1784 2079 1830 vere
2098 1774 2152 1831 est
2173 1784 2233 1830 ca-

194 1857 422 1946 ambiguitate
437 1856 530 1928 hanc
545 1862 755 1932 sententiam
771 1865 962 1936 inculcant.
1233 1863 1386 1937 tholicae
1407 1864 1586 1938 Ecclesiae
1611 1891 1821 1937 consensum
1841 1866 1967 1948 citare,
1992 1885 2100 1955 quern
2126 1862 2233 1952 longe

296 1955 471 2028 Iudicium
502 1962 611 2051 igitur
644 1959 875 2052 adhibeatur,
915 1993 995 2037 cum
1021 1969 1190 2059 leguntur
1234 1957 1411 2061 antepono
1445 1969 1605 2060 quamvis
1636 1970 1773 2059 magnis
1801 1965 2004 2056 agminibus
2034 1963 2233 2034 recentium

195 2059 328 2132 alicubi
344 2061 490 2132 mutilae
507 2063 784 2156 disputationes,
809 2091 855 2137 ne
874 2081 1013 2140 tantum
1030 2065 1190 2162 philoso-
1234 2066 1508 2156 monachorum,
1540 2071 1602 2164 qui
1618 2072 1768 2142 dilutam
1785 2061 2043 2162 philosophicis
2059 2079 2093 2136 et
2108 2059 2234 2157 phari-

194 2157 338 2256 phicam
355 2165 567 2234 sententiam
585 2189 626 2235 ex
644 2191 947 2262 eo1excerpamus‚
972 2187 1014 2242 ut
1031 2173 1190 2244 fecerunt
1235 2173 1337 2242 saicis
1360 2171 1675 2262 imaginationibus
1700 2171 1902 2242 doctrinam
1924 2167 2171 2247 tradiderunt,
2196 2179 2233 2236 et

196 2265 384 2356 scriptores
415 2265 525 2336 secuti
549 2265 849 2358 Longobardum,
889 2273 952 2367 qui
973 2297 1119 2366 prorsus
1149 2287 1191 2344 ut
1235 2275 1335 2344 illam
1364 2275 1595 2342 necessariam
1621 2276 1689 2368 piis
1719 2273 1999 2344 consolationem
2022 2269 2233 2341 obruerunt.

195 2359 402 2458 philosophi
424 2369 469 2436 de
495 2369 633 2440 iusticia
655 2363 847 2441 christiana
873 2374 1083 2466 loquuntur.
1140 2375 1192 2472 Ut
1235 2373 1285 2446 Ut
1304 2371 1462 2445 Ecclesia
1488 2373 1596 2444 Israel
1622 2377 1844 2446 iterfaciens
1867 2397 1930 2466 per
1952 2394 2049 2439 marc
2069 2369 2234 2454 rubrum,

196 2466 316 2558 Scipio
331 2468 433 2538 sortis
450 2483 500 2539 est
516 2469 650 2562 impetu
665 2467 830 2565 heroico,
856 2475 918 2567 qui
934 2490 985 2546 est
1000 2491 1116 2548 motus
1134 2477 1189 2545 di·
1236 2477 1337 2548 nulla
1364 2500 1401 2546 se
1424 2501 1505 2546 vera
1530 2480 1772 2556 consolatione
1802 2475 1872 2546 alia
1893 2472 2132 2556 sustentabat,
2162 2470 2234 2540 nisi

196 2569 321 2654 vinus,
346 2569 396 2638 sic
412 2570 466 2638 illi
485 2572 609 2642 dicunt
624 2570 821 2665 Baptistam
843 2575 976 2648 iustum
993 2601 1085 2660 esse,
1107 2578 1191 2672 quia
1235 2579 1305 2648 fide
1318 2579 1533 2671 praesentiae
1548 2592 1584 2649 et
1597 2579 1722 2650 auxilii
1739 2578 1855 2649 divini
1870 2589 1904 2646 et
1920 2572 2167 2657 invocatione,
2183 2573 2234 2642 ita

175 2688 179 2700 ‘
197 2666 326 2742 habeat
341 2670 489 2741 virtutes
513 2697 671 2743 accensas
693 2677 878 2747 divinitus.
927 2676 982 2748 De
1002 2675 1069 2750 hac
1087 2680 1192 2758 novi·
1237 2706 1318 2752 cum
1334 2705 1471 2772 semper
1485 2681 1536 2772 pii
1551 2681 1590 2751 in
1605 2681 1773 2774 periculis
1789 2703 1863 2749 non
1877 2676 2073 2747 levioribus
2086 2697 2234 2744 versen-

197 2786 269 2844 tate
293 2772 409 2842 cordis
431 2797 513 2843 cum
530 2775 715 2858 dixerunt,
741 2802 817 2847 non
833 2779 975 2866 dicunt,
1001 2783 1098 2852 unde
1121 2779 1193 2852 Ba·
1237 2797 1316 2868 tur,
1348 2779 1415 2852 hac
1445 2806 1482 2851 se
1505 2783 1583 2852 luce
1606 2798 1640 2853 et
1672 2784 1740 2854 fide
1762 2781 1924 2871 exigunt,
1956 2777 2053 2870 quod
2085 2787 2234 2868 propter

197 2875 306 2965 ptista
320 2874 566 2945 remissionem
582 2893 825 2968 peccatorum,
850 2905 925 2950 non
944 2883 1086 2968 dicunt,
1111 2909 1192 2954 eum
1236 2886 1351 2955 filium
1374 2885 1434 2953 dei
1454 2885 1685 2954 mediatorem
1709 2909 1728 2956 a
1750 2887 1815 2954 deo
1837 2880 1968 2971 recepti
1991 2879 2082 2963 sint,
2106 2891 2233 2968 tegan-

197 2974 358 3068 Baptista
380 2999 480 3045 suam
506 2977 775 3050 immundiciem
799 2983 975 3065 intuetur,
1008 2987 1106 3054 unde
1130 3009 1193 3076 pe·
1237 3001 1313 3072 tur,
1339 2999 1534 3060 serventur.
1585 2985 1629 3055 In
1654 2981 1720 3056 hac
1743 2983 1983 3056 consolatione
2007 2979 2177 3049 discimus
2196 2991 2233 3048 et

197 3093 272 3150 tere
289 3078 566 3150 consolationem
582 3083 718 3168 debeat,
743 3083 831 3153 etin
846 3109 969 3177 quare
984 3088 1192 3180 acquiescat.
1238 3113 1344 3182 quam
1358 3087 1552 3172 necessaria
1564 3089 1609 3158 sit
1624 3083 1710 3156 haec
1726 3088 1854 3157 deiide
1871 3083 2056 3167 doctrina,
2084 3095 2118 3150 et
2143 3081 2232 3174 qnid

197 3176 281 3250 Non
302 3201 493 3268 negamus,
535 3197 698 3274 oportere
726 3187 870 3255 accendi
899 3188 1126 3257 dilectionem
1154 3189 1193 3256 in
1237 3191 1342 3259 fidem
1368 3191 1557 3259 nominent
1570 3185 1790 3281 Prophetae,
1816 3175 1979 3258 Christus
2004 3197 2039 3253 et
2055 3178 2234 3273 Apostoli.

199 3280 379 3350 cordibus.
432 3281 503 3352 Sed
526 3285 597 3352 nisi
623 3288 733 3355 corda
750 3300 905 3357 statuant
922 3291 966 3358 de
983 3289 1192 3360 remissione
1236 3289 1314 3362 Hac
1330 3291 1481 3360 extincta
1496 3291 1574 3360 luce
1592 3304 1626 3360 et
1642 3290 1959 3373 consolatione,ut
1973 3286 2012 3354 in
2026 3283 2236 3370 Saule,nec

199 3394 423 3472 peccatorum
453 3385 597 3474 fugiunt
627 3389 754 3472 deum,
787 3412 861 3457 non
883 3391 1049 3481 diligunt.
1107 3388 1191 3461 Ideo
1238 3393 1431 3462 consolatio
1449 3393 1487 3459 in
1503 3393 1639 3480 magnis
1650 3392 1828 3463 aerumnis
1842 3391 1915 3459 ulla
1930 3388 2068 3480 reliqua
2083 3399 2235 3472 est‚nec

198 3481 331 3554 Paulus
365 3483 500 3576 inquit:
543 3486 721 3558 iustificati
754 3489 823 3558 lide
855 3515 977 3581 pacem
1011 3486 1193 3565 habemus.
1237 3493 1414 3563 invocatio
1433 3494 1491 3562 dci
1513 3495 1659 3563 existere
1680 3507 1804 3585 potest.
1856 3489 2015 3590 Fugiunt
2039 3488 2136 3557 enim
2152 3487 2235 3556 ani-

198 3583 282 3654 Non
307 3585 495 3678 acquiescit
517 3583 624 3674 Cato,
650 3590 733 3682 quia
758 3615 838 3661 cum
861 3607 960 3684 putet
983 3617 1019 3663 se
1035 3594 1074 3662 in
1090 3617 1192 3664 causa
1237 3597 1289 3664 mi
1313 3597 1504 3667 frementes
1529 3598 1696 3666 adversus
1718 3599 1844 3678 eleum,
1871 3593 1932 3686 qui
1948 3593 2092 3660 videtur
2106 3589 2236 3659 durior

199 3687 347 3756 iustiore
373 3711 393 3754 a
415 3689 481 3758 deo
507 3687 657 3780 negligi,
690 3693 831 3763 dubitat
860 3695 899 3763 in
921 3697 1128 3766 universum
1150 3698 1193 3766 de
1238 3699 1349 3784 iusto,
1380 3698 1463 3792 quia
1488 3710 1583 3769 tanta
1606 3698 1700 3766 mole
1720 3697 1941 3765 miseriarum
1972 3689 2061 3761 haec
2090 3691 2235 3760 iulirma

199 3788 434 3880 providentia.
467 3787 540 3859 Nec
555 3793 745 3885 acquiescit
761 3793 867 3875 Saul,
890 3797 952 3890 qui
967 3799 1104 3868 etiamsi
1118 3800 1193 3878 scit,
1238 3813 1364 3869 natura
1381 3813 1527 3870 onerata
1545 3811 1605 3872 est.
1654 3797 1731 3868 Hos
1747 3821 1876 3888 agones
1890 3793 2070 3865 Ecclesiae
2088 3794 2152 3886 qui
2166 3792 2235 3862 ali-

197 3889 725 4009 populumslsraclregiadeo,
752 3909 870 3965 tamen
891 3899 974 3992 quia
1000 3900 1122 3969 statuit
1146 3901 1195 3968 si·
1238 3925 1310 3991 quo
1344 3903 1450 3970 modo
1484 3903 1735 3990 degustarunt,
1783 3899 1936 3968 libenter
1969 3895 2236 3988 amplectuntur

200 3994 240 4062 bi
266 3993 398 4063 remitti
423 4009 583 4085 peccata,
606 3996 699 4086 fugit
716 3999 823 4067 deum
850 4001 941 4070 etei
967 4001 1130 4072 irascitur
1154 4015 1195 4071 ut
1238 3999 1424 4091 Evangelii
1447 4027 1569 4071 vocem
1592 4005 1636 4070 de
1661 4003 1746 4084 fide,
1768 4025 1834 4070 nec
1858 3999 1956 4070 eludi
1981 4021 2057 4066 eam
2082 3996 2230 4088 praesti-

202 4091 302 4164 Cato.
425 4117 427 4122 ·
1240 4104 1304 4193 giis
1322 4105 1406 4172 ullis
1424 4104 1702 4194 disputationum
1722 4105 1857 4176 sinunt.

302 4191 398 4264 Haec
416 4198 578 4283 recitavi,
605 4213 644 4269 ut
658 4201 836 4271 studiosus
860 4203 971 4274 lector
994 4203 1194 4294 praemoni—
1341 4202 1391 4276 At
1404 4207 1598 4276 reclamant
1613 4205 1826 4285 adversarii,
1850 4225 1932 4286 nos,
1959 4215 2130 4293 tanquam
2154 4221 2234 4265 ma-

201 4308 258 4364 tus
275 4299 432 4367 conserat
445 4301 490 4368 ad
507 4295 601 4369 hunc
620 4295 813 4391 Augustini
835 4305 968 4374 librum
984 4306 1194 4386 doctrinam,
1239 4308 1314 4396 gica
1335 4309 1443 4378 verba
1468 4308 1646 4378 imitantes
1668 4331 1742 4377 non
1766 4307 1963 4387 intellecta,
1994 4301 2123 4372 stolide
2146 4299 2235 4369 reti-

201 4420 291 4496 quae
307 4399 350 4465 de
366 4399 435 4467 fide
450 4403 541 4469 etde
556 4401 688 4472 iustitia
704 4404 740 4472 in
756 4407 887 4477 nostris
901 4404 1067 4476 Ecclesiis
1082 4407 1194 4477 tradi·
1239 4434 1323 4479 nere
1347 4411 1516 4501 scriptum
1535 4408 1656 4494 Pauli,
1681 4433 1742 4478 seu
1766 4403 1809 4480 τὸ
1834 4401 1966 4502 ῥητὸν,
1990 4425 2129 4473 severo
2148 4394 2234 4473 ‹leoi-

112 4567 121 4576 ,
201 4511 277 4576 tur,
307 4499 378 4566 imo
405 4501 521 4590 ipsum
543 4499 736 4594 Augustini
756 4521 878 4598 pectus
900 4511 945 4578 ad
971 4504 1062 4578 hanc
1084 4511 1194 4579 muti·
1237 4534 1364 4597 νοιαν,
1392 4507 1459 4580 hoc
1475 4525 1543 4595 est,
1569 4511 1778 4581 sententiam
1794 4510 1913 4603 sequi,
1937 4531 1976 4576 ac
1991 4503 2096 4574 Pauli
2112 4503 2234 4571 verbis

95 4640 100 4661 ι
201 4599 273 4666 lam
307 4601 575 4690 explicationem
608 4607 783 4693 conferat,
817 4636 882 4682 nec
916 4625 1076 4703 excerpat
1107 4605 1193 4682 hinc
1234 4614 1448 4695 concinnam
1472 4613 1799 4704 interpretationem
1823 4613 1953 4679 addere
1975 4617 2233 4696 congruentem

202 4713 379 4770 truncatas
402 4706 593 4775 sententias
615 4710 659 4778 ad
682 4709 901 4782 obruendam
918 4713 1052 4798 lucem,
1085 4738 1193 4808 quam
1238 4700 1436 4805 sapientum
1461 4728 1494 4783 et
1511 4728 1563 4784 tot
1585 4715 1797 4806 scriptorum
1814 4711 1973 4783 iudiciis:
2001 4730 2123 4776 sumus
2146 4707 2234 4776 iusti

202 4803 288 4872 deus
297 4799 474 4874 Ecclesiae
489 4829 571 4877 suae
587 4833 712 4901 magna
728 4813 885 4885 bonitate
902 4815 1064 4890 restituit.
1099 4813 1191 4886 Cum
1225 4811 1326 4910 fide,
1351 4817 1484 4887 scilicet
1501 4815 1696 4914 formata,
1722 4833 1763 4889 ut
1784 4815 1927 4897 dicunt,
1953 4811 1992 4879 id
2016 4823 2068 4878 est
2085 4821 2234 4899 propter

201 4917 317 4974 autem
335 4909 549 4976 reverendus
565 4909 887 4997 vir„eruditi0ne,
912 4918 1043 4988 virtute
1067 4932 1102 4988 et
1118 4918 1193 5008 pie·
1237 4920 1464 4990 dilectionem
1496 4919 1580 4990 iusti
1614 4943 1745 4989 sumus.
1807 4915 1906 4986 Haec
1937 4911 2135 4993 sententia,
2174 4911 2234 4978 in-

201 5019 271 5108 tatc
295 5023 493 5097 praestans,
531 5007 667 5082 Doctor
697 5007 890 5086 Iohannes
916 5013 1192 5114 Bugenhagius
1237 5021 1384 5114 quiunt,
1427 5022 1568 5112 copulat
1602 5021 1760 5091 virtutes.
1819 5013 1856 5086 Ο
1884 5039 1959 5084 rem
1992 5013 2232 5104 perniciosam

199 5099 443 5196 Pomeranus,
468 5109 595 5182 Pastor
615 5110 793 5188 Ecclesiae
809 5117 1072 5210 Vitebergensis
1096 5119 1191 5193 huuc
1235 5119 1412 5194 Ecclesiae
1428 5139 1462 5194 et
1479 5123 1572 5193 vitae
1589 5117 1776 5191 hominum
1794 5111 2040 5208 sophisticam!
2082 5111 2234 5184 Ludunt

198 5209 332 5280 librum
365 5229 592 5286 enarraturus
618 5217 682 5302 sit,
722 5243 798 5304 non
833 5223 961 5292 addam
993 5223 1191 5316 longiorem
1237 5227 1426 5297 verborum
1451 5225 1648 5317 praestigiis
1672 5221 1884 5304 adversarii,
1910 5242 1992 5301 seu,
2016 5229 2059 5286 ut
2078 5211 2234 5286 Aeschi-

114 5309 117 5319 ’
197 5315 526 5401 praemonitionem.
566 5316 645 5411 Ipse
659 5320 755 5390 enim
771 5324 907 5414 optima
922 5325 990 5396 fide
1007 5341 1042 5396 et
1055 5329 1191 5418 gravis·
1235 5329 1292 5396 nis
1308 5329 1425 5398 verbis
1445 5341 1543 5411 utar,
1568 5327 1753 5396 latrocinia
1776 5333 1938 5392 exercent
1956 5343 2019 5411 per
2031 5315 2231 5388 Ecclesiam

198 5413 288 5483 simo
305 5415 438 5488 iudicio
450 5420 543 5490 dicta
559 5423 765 5494 obscuriora
778 5425 981 5500 illustrabit.
1007 5425 1191 5500 llludtan-
1236 5431 1441 5522 navigantes
1456 5429 1496 5498 in
1513 5427 1705 5500 vocabulis.
1757 5425 1891 5509 Aiunt,
1915 5442 1953 5492 se
1970 5421 2137 5512 copulare
2158 5421 2233 5490 vir-
