4654 5804
62 265 131 346 occ
368 356 372 376 Ι
637 243 1071 354 rrtsronanun
1129 247 1233 326 cra.
1268 245 1331 326 nr.
1386 249 1514 327 1645.
2024 249 2100 325 oco

66 459 207 510 munere
231 431 361 526 gratiae
382 432 537 523 agendae
561 443 662 514 sunt,
693 428 788 524 quod
813 422 912 498 Deus
928 420 1055 494 Eccle-
1105 450 1229 498 omnes
1250 429 1346 498 dona
1372 427 1503 496 similia
1530 421 1678 496 habent:
1719 449 1793 495 non
1823 451 1945 499 omnes
1974 419 2103 500 idobei'

67 543 133 614 siae
152 537 356 622 mandavit,
375 549 417 606 ut
436 536 513 628 ipsa
533 533 716 604 ministros
733 531 838 620 eligat
853 531 898 598 ad
921 529 1055 598 docen·
1104 543 1189 602 sunt
1202 530 1503 602 addiiudicandas
1516 531 1682 599 obscuras
1692 531 1949 602 controversias
1964 533 2097 604 doctri-

66 646 147 716 dum
170 639 428 730 Evangelium,
460 639 563 710 etad
587 635 815 708 Sacramenta
841 626 1055 714 exhibenda,
1106 658 1187 704 nae:
1227 659 1302 704 non
1319 658 1441 704 omncs
1456 647 1604 724 possunt
1624 632 1837 702 constituere
1856 633 1999 708 iudicia.
2049 632 2098 706 Et

67 761 98 818 et
118 769 181 838 per
202 745 284 814 illos
300 744 396 834 ipsos
416 737 574 812 humana
595 762 680 808 voce
702 737 848 820 electos,
880 735 959 806 vult
981 755 1055 802 esse
1106 761 1186 806 curn
1201 737 1240 806 in
1256 733 1322 808 hac
1338 737 1581 808 imbecillitate
1599 731 1756 805 humana
1770 740 1964 808 necessaria
1982 739 2026 808 sit
2039 740 2098 808 in-

67 849 199 933 efficax,
225 847 314 928 etin
334 841 402 915 hoc
417 845 495 937 ipso
517 865 665 912 munere
681 841 814 910 multos
833 838 960 908 excitat
973 834 1056 926 Spi-
1106 841 1237 932 spectio
1251 841 1370 934 aliqua
1387 839 1671 932 prudentiorum,
1685 852 1730 928 ,et
1746 841 1941 910 necessaria
1955 840 2027 912 sint
2041 843 2100 913 iu·

67 953 135 1022 ritu
149 962 289 1030 sancto,
315 961 349 1018 et
365 960 469 1018 ornat
491 944 730 1038 peculiaribus
745 942 850 1012 donis
862 942 917 1010 ¹ad
931 937 1056 1009 Eccle-
1107 944 1217 1027 dicia,
1243 957 1382 1036 oportet
1397 967 1469 1012 esse
1485 955 1577 1011 certa
1594 942 1691 1026 loca,
1716 955 1827 1011 certas
1842 967 2022 1034 personas,
2053 949 2098 1016 ad

69 1055 152 1124 siam
171 1053 458 1130 instaurandam,
492 1049 583 1118 sicut
605 1045 738 1116 Paulus
759 1041 846 1116 Tito
867 1041 1056 1134 praecepit,
1108 1071 1195 1140 quas
1210 1048 1349 1137 negotia
1366 1049 1575 1118 reserantur.
1627 1042 1722 1113 Haec
1738 1045 1815 1114 loca
1837 1071 1917 1116 cum
1940 1049 2100 1140 personis

68 1169 105 1226 ut
118 1157 341 1249 presbyteros
357 1153 396 1221 in
413 1151 614 1222 civitatibus
630 1149 788 1218 collocet.
837 1143 886 1216 Et
899 1146 938 1214 fit
955 1167 1057 1212 men·
1109 1164 1143 1220 et
1163 1150 1292 1242 opibus
1313 1151 1363 1218 ita
1383 1150 1554 1218 instructa
1577 1171 1650 1216 esse
1666 1160 1845 1238 oporteat,
1871 1164 1911 1219 ut
1926 1165 2100 1244 quantum

70 1261 115 1328 tio
131 1256 367 1327 ordinationis
381 1279 420 1325 ac
436 1251 675 1346 impositionis
691 1273 863 1320 manuum
877 1247 1058 1316 adTimo-
1108 1248 1265 1322 humana
1283 1253 1465 1342 diligentia
1482 1250 1660 1342 provideri
1675 1264 1810 1342 potest,
1831 1245 1932 1331 iut”
1958 1277 2036 1345 spes
2054 1254 2101 1324 sit

70 1356 200 1434 theom.
258 1357 343 1429 Mos
367 1359 472 1429 etiam
494 1353 673 1426 Ecclesiae
697 1353 761 1446 qui
786 1351 910 1422 multis
930 1347 1058 1418 seculis
1109 1351 1340 1450 potentias⁴²)
1373 1356 1452 1423 illas
1482 1353 1605 1424 multis
1639 1353 1767 1422 seculis
1799 1377 1984 1426 mansuras
2011 1379 2100 1427 esse:

70 1463 207 1532 duravit
230 1475 338 1531 notus
362 1475 433 1546 est,
467 1459 564 1552 quod
589 1453 730 1527 honesti
755 1468 790 1524 et
818 1454 871 1546 pii
894 1448 1057 1521 homines
1110 1456 1195 1528 Ideo
1219 1458 1347 1529 volunt
1362 1455 1557 1548 Episcopus
1574 1480 1666 1540 esse,
1690 1469 1860 1550 tanquam
1875 1461 2024 1548 gradum
2040 1485 2103 1531 sn.

70 1564 226 1634 omnium
243 1564 412 1634 ordinum
435 1560 619 1632 convocati
639 1558 873 1632 nominarunt
894 1569 927 1624 et
945 1555 1059 1643 elege-
1110 1585 1172 1652 pra
1187 1562 1345 1654 reliquos
1360 1561 1592 1654 presbyteros.

71 1680 150 1738 runt
162 1664 372 1757 Episcopos.
1187 1735 1193 1744 ,
1212 1659 1343 1734 Omnis
1360 1677 1475 1732 autem
1490 1662 1700 1752 gubernatio
1720 1661 1902 1733 ministros
1918 1677 1952 1734 et
1967 1679 2103 1736 sumtus

166 1767 310 1850 Tertio,
352 1791 476 1836 verum
509 1778 561 1834 est
596 1763 826 1853 iungentibus
859 1758 1058 1828 ministerio
1110 1767 1270 1860 requirit.
1323 1765 1443 1855 Quare
1466 1779 1500 1834 et
1513 1762 1699 1855 Episcopis
1714 1779 1871 1853 opusest
1893 1767 2010 1860 aliqua
2032 1769 2128 1838 ire--

72 1867 300 1959 Euangeliou,
328 1869 359 1938 si
378 1885 471 1940 recte
486 1869 634 1937 doceant
655 1881 689 1935 ct
704 1865 930 1936 Sacramenta
946 1861 1060 1930 admi·
1110 1871 1255 1963 quentia
1269 1871 1454 1940 doctorum
1471 1863 1656 1936 hominum
1673 1869 1715 1936 ad
1732 1867 1995 1938 ordinationem
2012 1883 2104 1940 recte

74 1974 220 2043 nistrent
238 1974 334 2042 iuxta
349 1971 622 2050 institutionem,
638 1969 710 2036 sive
725 1981 896 2036 vocentur
911 1963 1060 2055 Episco-
1111 1975 1360 2052 exercendem,
1388 1973 1433 2042 nd
1454 1971 1630 2050 oramina,
1656 1971 1700 2038 ad
1726 1971 1988 2041 institutionem
2005 1973 2104 2042 ordi.

76 2078 125 2166 pi,
157 2075 231 2146 sive
263 2087 435 2166 pastores,
471 2073 640 2142 mandato
666 2069 789 2140 divino
822 2067 1062 2139 obedientiam
1111 2078 1334 2159 mendorum,
1358 2075 1403 2143 nd
1426 2072 1683 2160 visitationem,
1709 2073 1922 2154 antinomia,
1948 2076 1993 2144 nd
2017 2099 2103 2145 eon.

74 2179 188 2246 deberi
204 2179 244 2246 in
260 2177 440 2257 Omnibus,
466 2199 556 2268 quoe
571 2173 743 2266 praecipit
757 2185 818 2242 aut
832 2184 925 2241 vetat
939 2167 1062 2238 Evon-
1111 2179 1208 2263 silia,
1234 2180 1278 2247 ad
1298 2179 1543 2256 scribendum,
1569 2177 1614 2244 ad
1631 2175 1834 2264 legationes,
1863 2178 1907 2245 ad
1927 2177 2102 2271 Synodos

76 2281 218 2368 fielium,
252 2293 289 2348 ei
314 2279 573 2348 C⁰ssiumaciflm
596 2276 718 2368 puniri
748 2274 900 2344 oeternis
926 2271 1069 2374 imnis,¹
1112 2307 1173 2351 seu
1197 2281 1367 2360 concilia,
1392 2281 1483 2349 sicut
1507 2273 1712 2362 Athanasii,
1736 2275 1881 2359 Basilii,
1909 2274 2104 2361 Ambrosii,

77 2383 166 2452 iuxta
180 2382 290 2452 illud:
325 2376 404 2476 Qui
420 2403 481 2450 00⁸
498 2373 622 2460 audii,
648 2401 703 2446 ΠΜ
719 2371 847 2462 audii,
874 2384 904 2445 el
920 2369 988 2472 (1ϋῖ
1002 2395 1063 2440 005
1114 2399 1148 2453 et
1164 2383 1335 2453 similium
1352 2381 1626 2472 gubernationes
1640 2381 1766 2470 plenae
1786 2381 1933 2452 fuerunt
1953 2407 2105 2475 occupa-

77 2483 227 2580 spccnc'l,
254 2505 309 2552 mc
325 2481 475 2580 spernit.
515 2481 698 2552 Praeterea
717 2483 866 2550 debetur
882 2479 954 2546 illis
972 2487 1063 2545 recte
1114 2489 1272 2570 tionum,
1308 2499 1341 2555 et
1362 2486 1492 2554 mnltns
1513 2480 1688 2552 Ecclesias
1711 2483 1909 2574 complexae
1931 2499 2029 2566 sunt,
2064 2499 2105 2556 ut

78 2587 302 2675 [undessiiblss
325 2585 525 2656 Πὶῐῦῑὸῐθῑῑθ
548 2581 763 2674 Evangelico
796 2580 998 2650 Obfldifflliss
1025 2577 1062 2645 5¹¹
1114 2592 1246 2660 multae
1261 2603 1380 2678 gentes
1402 2591 1570 2656 adversus
1587 2581 1782 2654 haereticos
1798 2587 2042 2669 munirentur,
2071 2603 2104 2660 et

79 2688 212 2758 iudiciis
234 2685 511 2768 Ecclesiaslicis,
544 2690 589 2756 ad
613 2711 701 2779 quae
726 2699 759 2754 ei
781 2681 939 2754 Ecclesia
962 2676 1064 2752 adhi-
1114 2693 1153 2760 ἱῃ
1170 2692 1317 2786 synodo
1337 2691 1455 2783 aliqua
1471 2687 1669 2781 frequentia
1684 2690 1872 2758 doctorum
1894 2704 1993 2762 esset,
2045 2691 2105 2762 Ad

78 2791 187 2861 benda
210 2805 276 2862 cst.
329 2785 389 2860 Ad
410 2786 498 2860 hacc
520 2789 652 2860 iudicio
674 2788 797 2856 venire
821 2800 1005 2864 vocatum,
1033 2796 1066 2852 el
1114 2791 1201 2864 haec
1215 2793 1354 2882 negotia
1370 2792 1492 2862 multis
1508 2791 1664 2880 collegiis
1681 2803 1714 2859 et
1736 2791 1911 2860 ministris
1925 2817 2015 2885 opus
2027 2793 2106 2864 tuit.

80 2895 275 2964 convictum
299 2893 543 2985 obtemperare
566 2888 817 2974 †scntentiae”
840 2911 978 2957 necesse
1004 2898 1065 2956 est.
1218 2894 1291 2965 lom
1309 2896 1339 2965 si
1360 2918 1524 2986 praesens
1541 2894 1663 2984 politia
1679 2891 1939 2984 Episcoporum
1957 2896 2107 2989 dissipa.

172 2994 359 3066 Postremo
375 2997 454 3066 loco
469 2995 712 3065 ordinationes
728 3007 846 3062 rerum
863 3004 955 3074 sunl,
976 3009 1066 3081 quae
1117 3013 1234 3082 retur,
1267 3011 1428 3068 secutura
1446 3010 1535 3065 esset
1550 2995 1730 3065 barbaries
1746 3009 1779 3064 et
1797 2996 1937 3066 infinita
1952 3000 2106 3080 vastitas,

81 3112 246 3170 vocantur
271 3093 507 3191 adiaphorae‚
537 3112 578 3167 ut
607 3110 824 3187 temporum,
859 3093 1068 3173 lectionum,
1118 3102 1201 3196 qnia
1225 3099 1341 3190 Reges
1370 3115 1404 3172 et
1430 3098 1632 3188 Principes,
1661 3097 1724 3188 qui
1749 3101 1928 3169 mundana
1958 3099 2108 3193 imperia

82 3215 111 3270 tl
126 3201 298 3272 similium
313 3225 445 3282 rerum,
463 3223 551 3294 quoe
563 3213 681 3270 lamen
696 3199 772 3268 sine
791 3198 910 3288 impiis
926 3193 1069 3286 opinio·
1118 3219 1252 3284 tenent,
1273 3204 1431 3294 occupati
1448 3215 1532 3270 sunt
1546 3200 1624 3268 aliis
1638 3199 1800 3288 negotiis,
1822 3213 1855 3269 et
1867 3203 1968 3294 pauci
1982 3199 2109 3274 Eccle-

83 3305 243 3374 nibus'a
285 3304 565 3393 gubernantibus
599 3301 794 3372 Ecclesiam
829 3301 1069 3370 instituuntur
1119 3308 1187 3376 sies
1211 3319 1337 3376 omont
1362 3301 1441 3399 †et
1464 3303 1647 3396 prensiones
1669 3303 1866 3372 doctrinam
1889 3320 2025 3377 norunt
2046 3321 2108 3378 emt

83 3407 164 3476 boni
186 3406 325 3476 ordinis
348 3429 468 3476 caussa
489 3429 554 3496 pro
579 3405 649 3474 loci
675 3404 891 3476 conditione.
945 3399 987 3470 ln
1013 3393 1069 3466 his
1120 3407 1335 3503 inquirunt.''
1394 3405 1477 3476 Ideo
1502 3417 1645 3478 censent
1669 3406 1865 3476 necessario
1890 3423 2109 3500 praesentem

85 3510 230 3600 populus
244 3509 351 3579 debet
364 3508 605 3578 obedientiam
622 3520 784 3591 eatenus,
807 3531 852 3576 ne
870 3529 949 3574 cum
967 3525 1069 3572 scan-
1119 3513 1280 3606 politiam
1297 3507 1555 3602 Episcoporum
1570 3509 1791 3578 retinendam
1808 3533 1892 3582 esse,

86 3611 159 3680 dolo
176 3613 257 3682 illas
281 3612 526 3680 ordinationes
548 3610 678 3694 violet,
703 3609 850 3678 nebant
867 3605 1070 3696 dissipatio·
1219 3613 1430 3705 Responsio,
1482 3611 1555 3680 Nec
1571 3611 1683 3680 ,nohis
1707 3609 1846 3701 placent
1862 3612 2110 3704 dissipationes

86 3735 141 3782 nes
172 3738 248 3784 non
280 3715 506 3784 necessariae.
562 3709 611 3781 Et
642 3711 681 3778 in
710 3733 845 3780 summa
871 3707 1069 3776 ministerio
1119 3719 1343 3810 potitiorum,
1368 3729 1429 3784 ant
1451 3714 1761 3802 gubernationum,
1811 3710 1861 3784 Et
1884 3715 1987 3784 valde
2010 3722 2111 3808 opta.

85 3809 310 3908 Evangelico‚
335 3841 399 3908 per
422 3817 518 3910 quod
534 3813 650 3884 Deum
672 3813 845 3880 efficacem
862 3833 934 3878 esse
950 3807 1071 3876 certis·
1119 3845 1218 3900 mos,
1245 3832 1285 3889 nt
1295 3815 1465 3910 Episcopi
1482 3830 1516 3887 et
1531 3816 1684 3906 collegae
1705 3815 1973 3906 gubernationis
1986 3815 2112 3887 Eeete.

88 3917 208 3988 simum
225 3935 297 4004 esi,
323 3933 358 3989 θῑ
374 3943 438 4012 Per
454 3920 550 4012 qss⁰d
566 3915 663 3986 Deus
682 3914 786 3982 ¹¹⁰hi⁸
807 3915 922 3996 adesi,
949 3931 1071 3978 Omnes
1121 3923 1278 3992 siasticae
1295 3945 1376 3988 vere
1398 3920 1530 3988 faciant
1544 3943 1627 3987 suae
1651 3918 1845 3988 vocationis
1859 3919 1991 4002 officia,
2016 3933 2050 3988 et
2072 3922 2111 3989 in

88 4012 241 4092 h⁰¹¹¹i¹¹⁰⁵
264 4047 349 4091 ”³¹⁰
377 4035 517 4112 P²⁰i⁰re
534 4034 570 4090 θῑ
587 4042 669 4086 vera
695 4016 891 4085 “immid
908 4038 942 4082 ὅθ
960 4011 1070 4080 subii·
1122 4049 1163 4094 eo
1182 4047 1263 4092 casu
1283 4022 1465 4090 offerimus
1487 4021 1727 4090 obedientiam
1744 4033 1922 4105 nostram,
1947 4022 2114 4094 videlicet

90 4143 159 4191 cere
181 4127 332 4209 debent,
359 4139 392 4196 et
414 4123 625 4214 praecipuus
647 4119 717 4191 Dei
738 4120 853 4189 cultus
874 4115 1073 4202 esteadiu-
1123 4129 1153 4196 si
1168 4125 1333 4196 desinant
1348 4145 1420 4192 esse
1435 4117 1554 4194 hostes
1569 4146 1672 4192 verae
1689 4122 1882 4206 doctrinae,
1905 4149 2011 4216 quam
2028 4149 2112 4216 pro-

92 4247 166 4294 vare
186 4223 278 4296 hanc
301 4227 492 4295 ministerii
516 4223 818 4294 conservationem
842 4221 941 4291 omni
966 4215 1074 4287 officii
1123 4231 1280 4313 fitentur,
1305 4251 1371 4298 neo
1392 4240 1497 4296 ennnt
1519 4225 1684 4319 tyranni,
1710 4237 1744 4294 et
1760 4225 1954 4316 parricidae
1972 4228 2113 4319 piorum

92 4347 207 4414 genere
234 4330 493 4421 suppeditando
519 4327 673 4412 vicium,
705 4341 739 4396 el
763 4325 985 4393 defendendo
1008 4345 1073 4412 Pl'0
1124 4347 1157 4404 et
1173 4330 1458 4402 calamitosorum
1478 4331 1697 4399 sacerdotum
1721 4342 1942 4414 nostrorum,
1968 4343 2002 4398 et
2023 4331 2114 4400 inci-

95 4429 253 4526 cuiusque
275 4433 372 4512 loco,
406 4455 471 4522 pro
494 4431 624 4524 quibus
651 4427 775 4497 officiis
796 4425 893 4496 Deus
917 4423 1072 4512 ingentia
1124 4431 1977 4530 ptempnmmdootrinnm,qnnmdooemns‚in
1991 4427 2117 4503 Eeele.

92 4535 236 4620 praemia
257 4534 438 4626 pollicitus
464 4548 527 4605 est.
579 4530 682 4603 Sicut
705 4530 874 4620 scriptum
899 4538 966 4595 est:
997 4519 1076 4619 Qvi
1125 4541 1186 4610 siis
1202 4537 1276 4607 suis
1291 4557 1503 4627 propagare,
1519 4547 1553 4603 et
1568 4534 1740 4626 recipient
1753 4531 1949 4622 legitimum
1965 4549 2000 4604 et
2015 4537 2115 4627 pium

95 4631 154 4700 uni
177 4659 222 4706 ccc
252 4634 417 4716 ntinimt's
448 4629 714 4729 discipulorum
743 4655 903 4701 meorum
930 4636 1076 4724 propter
1125 4665 1230 4712 usum
1264 4637 1593 4718 soeeomentomm,
1634 4649 1668 4707 et
1704 4631 1795 4706 hone
1833 4637 2115 4708 emendationem

96 4729 308 4824 doctrinam,
334 4735 389 4808 cel
408 4745 534 4835 polum
558 4758 678 4833 oquae
702 4727 827 4822 dabir,
854 4730 970 4804 Amen
995 4723 1076 4798 dico
1126 4743 1219 4816 meet
1239 4741 1373 4811 volent,

95 4836 203 4923 ⁹⁰52&
228 4836 376 4912 habehit
396 4833 589 4910 mercedem
604 4862 724 4910 suam.
1226 4843 1324 4914 Haec
1339 4843 1413 4934 ipsa
1428 4853 1524 4911 tanta
1541 4841 1721 4910 distractio
1736 4835 1985 4922 Ecclesiarum,
2012 4843 2117 4913 initio

186 4941 282 5014 Haec
297 4946 335 5016 in
351 4967 479 5036 genere
492 4943 586 5012 dicta
600 4943 727 5012 sintde
745 4931 1077 5007 ministerioEvan-
1127 4952 1172 5020 ab
1194 4944 1455 5038 Episcoporum
1479 4944 1663 5034 espositnte
1686 4958 1764 5014 orta
1785 4958 1852 5024 est,
1880 4945 1942 5037 qni
1966 4945 2117 5016 fulmine

98 5045 214 5130 delict),
238 5049 275 5118 id
288 5063 359 5130 est,
386 5050 430 5118 de
444 5045 624 5126 omnibu&
651 5044 690 5112 5¹¹
706 5067 768 5112 ⁵1¹³
785 5039 969 5109 V⁰⁰³ii⁰¹¹0
984 5051 1077 5106 ‘²⁶¹⁰
1127 5045 1391 5124 anathematum
1417 5048 1584 5116 adversus
1605 5069 1670 5114 nos
1687 5047 1879 5116 emiserunt
1902 5060 1934 5116 et
1954 5051 2119 5119 sacerdo·

99 5144 295 5222 docentibus
307 5139 562 5239 Evangeliurn,
589 5161 624 5218 et
637 5159 730 5216 recte
746 5139 1078 5214 administrantibus
1128 5171 1179 5227 teo
1212 5167 1351 5224 nostros
1385 5145 1564 5233 homines,
1603 5150 1827 5233 innoeentes,
1857 5150 1997 5233 domos,
2028 5153 2117 5244 ptos,
2198 5182 2204 5202 ,

100 5243 324 5326 Sacramenta.
854 5313 856 5318 ,

189 5353 314 5428 Postea
329 5381 413 5427 vcro
430 5355 622 5451 quaeritur.
674 5349 733 5420 An
757 5348 850 5416 inter
867 5345 953 5414 istos
969 5344 1079 5412 mini·
1131 5360 1174 5369 ’-

103 5465 181 5526 stros
205 5462 367 5531 ordinem
393 5474 428 5531 et
454 5461 583 5550 gradus
614 5477 687 5524 esse
713 5471 852 5522 necesse
884 5447 955 5518 sit?
994 5445 1077 5517 Non
1164 5473 1382 5543 retractantis]
1402 5469 1606 5532 Parmenios.

1448 5537 1534 5615 40*

1179 5359 1212 5367 -.,
1263 5354 1336 5362 --ο-ι
