4722 5808
95 271 174 343 793
258 332 261 342 .

93 465 185 535 quos
210 405 339 532 elegit,¹
363 437 429 512 hos
456 455 490 514 et
510 441 659 514 vocavit.
718 438 827 510 Nulla
850 440 1014 529 fingenda
1035 453 1088 511 cst

93 545 238 614 ecclesia
261 545 336 628 dei,
361 543 433 613 nisi
455 544 494 612 in
511 557 613 614 coetu
628 554 853 627 vocatorum,
875 541 995 629 idest,
1021 540 1086 612 ubi

92 659 197 716 sonat
213 671 279 716 vox
294 641 482 734 Evangelii
498 657 533 714 et
548 643 612 714 ubi
626 645 838 714 inseruntur
849 637 1013 714 homines
1028 667 1087 713 ec·

93 747 222 815 clesiae
241 771 305 838 per
326 758 541 818 sacramenta
560 759 596 816 et
612 746 799 815 invocatur
812 768 918 838 super
932 769 992 816 eos
1018 769 1085 815 no-

92 871 177 916 men
193 849 269 918 veri
288 851 364 934 dei,
388 847 522 918 aeterni
537 847 645 939 patris
660 859 695 917 et
711 845 776 914 filii
792 845 866 916 eius
883 843 961 918 lesu
977 841 1086 920 Chri-

91 949 138 1018 sti
155 949 361 1021 crncifixi'et
374 948 570 1020 resuscitati
584 961 618 1018 et
635 946 780 1039 spiritus
795 948 916 1021 sancti.
978 1019 980 1022 ,

195 1047 291 1120 Deus
307 1052 385 1122 vult
406 1071 478 1119 esse
494 1049 612 1120 efficax
633 1073 697 1141 per
712 1047 949 1120 ministerium
963 1043 1085 1118 Evan-

91 1151 180 1240 gelii
204 1166 239 1223 ct
258 1152 336 1224 vult
360 1152 411 1222 ita
434 1151 524 1224 sicut
538 1173 575 1222 se
590 1150 754 1244 patefecit
776 1150 937 1221 invocari
960 1163 995 1221 et
1010 1172 1084 1218 non

89 1255 207 1326 aliter.
982 1279 985 1286 ’

195 1352 268 1423 Nec
282 1367 375 1423 recte
391 1354 534 1440 dicitur,
550 1353 747 1424 infantibus
762 1377 836 1423 non
853 1351 987 1423 remitti
1003 1375 1084 1443 pec-

89 1469 209 1526 catum
232 1478 295 1546 per
318 1454 555 1526 ministerium
577 1453 763 1546 Baptismi.
811 1451 909 1522 Haec
934 1452 1084 1522 manife-

90 1571 144 1626 sta
166 1569 280 1626 errata
301 1556 383 1626 ideo
405 1557 592 1640 annotavi,
617 1570 657 1627 ut
679 1557 771 1626 clare
792 1553 943 1645 intelligi
959 1554 1079 1647 possit,

89 1653 355 1748 prohibendam
385 1682 458 1728 esse
480 1658 671 1728 editionem
694 1653 801 1726 huius
820 1657 907 1726 libri
928 1669 962 1727 et
983 1655 1080 1726 arbi-

89 1773 168 1827 tror
183 1771 361 1843 autorem,
376 1761 500 1830 sicum
517 1759 639 1828 amicis
652 1757 817 1828 fidelibus
842 1771 876 1828 et
899 1757 957 1849 pie
979 1779 1079 1826 exer-

87 1860 205 1930 citatis
227 1859 267 1928 in
281 1859 443 1931 doctrina
463 1861 626 1930 ecclesiae
639 1860 717 1946 dei,
740 1859 857 1952 ipsum
873 1859 1079 1930 emendatu-

88 1986 172 2032 rum
190 1984 263 2030 esse
279 1975 409 2047 errata,
435 1985 525 2056 quae
545 1962 672 2034 taxavi.

191 2061 246 2132 Dc
270 2060 379 2132 coena
402 2062 540 2132 domini
558 2063 664 2132 etiam
687 2060 849 2132 dissentit
864 2061 909 2132 ab
923 2059 1077 2130 ecclesiis

87 2164 239 2248 nostris,
269 2177 304 2233 et
327 2187 541 2258 quamquam
564 2165 647 2235 satis
671 2177 806 2234 constat
830 2162 924 2233 inter
944 2161 1023 2253 pios
1043 2173 1078 2230 et

85 2268 211 2335 doctos
232 2265 544 2335 manducationem
572 2289 648 2334 non
675 2265 805 2336 mereri
835 2263 1075 2334 remissionem

84 2378 309 2456 pcccatorum
334 2389 399 2436 nec
421 2367 559 2436 adferre
586 2367 828 2436 remissionem
854 2378 1076 2456 peccatorum

86 2491 129 2534 ex
146 2489 254 2557 opere
276 2480 436 2557 operato,
462 2481 578 2538 tamen
601 2491 676 2538 non
692 2468 893 2537 docendum
908 2479 960 2536 est
974 2488 1077 2534 man-

84 2567 312 2637 ducationem
332 2581 470 2639 tantum
484 2571 567 2656 {esse
591 2569 731 2656 signum
751 2579 895 2636 mutuae
915 2566 1077 2638 dilectio-

84 2671 142 2737 nis
167 2683 228 2738 aut
250 2669 478 2760 professionis
497 2665 730 2743 Christianae.
782 2667 853 2740 Sed
879 2691 1002 2738 revera
1026 2679 1077 2736 est

84 2769 324 2840 ministerium
346 2769 563 2840 remissionis
585 2784 826 2864 peccatorum,
856 2768 896 2838 in
922 2793 993 2862 quo
1013 2791 1077 2860 per

84 2883 343 2941 sacramentum
357 2871 625 2944 commonefacti
642 2873 786 2942 credere
801 2883 836 2941 et
848 2883 999 2942 statuere
1013 2871 1075 2940 de-

84 2974 210 3043 hemus
233 2995 316 3040 vere
344 2972 448 3044 nobis
472 2974 605 3044 remitti
627 2987 765 3065 peccata
791 2985 937 3064 propter
951 2971 1075 3054 lilium

82 3075 141 3143 dei
162 3096 229 3166 pro
251 3071 356 3142 nobis
378 3075 584 3144 crucifixum
612 3089 647 3146 et
675 3099 772 3145 nunc
800 3087 1007 3163 regnantem
1035 3097 1076 3142 ac

81 3176 358 3248 sanctificantem
374 3176 554 3247 ecclesiam
569 3175 639 3248 dei.

553 3272 741 3370 Philippus
757 3271 1024 3352 Melanchthon.

79 3622 147 3694 No.
165 3621 277 3695 3222.

85 3715 260 3746 w

923 3633 976 3700 15.
989 3622 1049 3689 lut.

903 3717 1074 3752 Μ

398 3879 400 3882 ,
456 3804 701 3892 tltottto.
747 3899 751 3906 ,

146 3945 224 4012 †Er
246 3945 401 4028 apographo
425 3945 454 3998 in
474 3945 535 4001 cod.
558 3944 640 3999 Goth.
657 3946 714 4001 191.
730 3963 756 4016 p.
770 3943 838 4000 δοῦ.
873 3943 985 4016 Legitur
1004 3963 1072 4066 apo-

179 4012 302 4084 graphan
323 4024 402 4068 ettam
420 4013 447 4066 in
470 4013 534 4069 cod.
555 4012 716 4068 Monacensi
739 4014 782 4068 90.
803 4031 850 4068 no.
865 4013 925 4068 Vll.
948 4033 975 4084 p.
997 4016 1014 4066 8
1038 4013 1075 4078 b.,

180 4081 227 4134 ubi
247 4081 421 4136 inscribiturs
454 4081 755 4150 lobanni'lladt,
779 4083 1003 4150 Bambergenst',
1020 4087 1072 4136 do-

181 4151 255 4203 centi
269 4153 369 4204 literar
389 4152 421 4204 in
440 4153 542 4218 oppido
555 4150 714 4219 Memfim,
731 4151 832 4203 amica*
842 4167 904 4206 suo.

230 4283 448 4362 Iohanni
464 4285 613 4390 Roth,
638 4286 919 4385 Bambergeasi.

76 4403 213 4492 Haesit
227 4415 285 4489 hic
299 4421 521 4514 aliquamdiu
536 4423 737 4492 adolescens
754 4421 1022 4512 Bambergensis
1032 4417 1070 4518 ¹¹)

676 263 1112 344 EPISTOLARUM
1160 267 1266 340 LlB.
1300 267 1365 348 tx.
1418 265 1545 348 1545.

2053 265 2128 340 794

1136 437 1196 509 tici
1214 439 1495 530 impenderetur3
1522 465 1591 536 qna
1607 439 1645 512 in
1660 464 1697 511 re
1713 439 1783 511 scio
1799 441 1904 512 fidem
1921 455 1954 512 et
1968 439 2124 510 officium

1133 537 1216 612 Dm.
1239 536 1409 613 Martini
1429 544 1495 614 tibi
1520 568 1595 613 non
1620 544 1822 614 defuturam
1842 565 1926 613 esse.
1976 541 2123 632 Suscipe

1135 642 1243 732 igitur
1265 638 1357 714 hanc
1379 669 1513 718 curam.
1562 643 1654 716 Nam
1669 669 1748 714 cum
1766 656 1927 736 potentes
1944 642 2124 734 negligant

1134 757 1271 814 coetum
1294 741 1541 818 scholasticum
1557 769 1684 837 magna
1699 767 1741 815 ex
1761 759 1881 838 parte,
1907 744 2011 816 nobis
2037 743 2123 834 ipsis

1134 869 1237 914 curae
1263 847 1325 931 sit,
1347 845 1431 940 ¹Deo
1454 847 1616 933 iuvante,
1647 861 1808 918 nostrum
1830 869 1969 936 gregem
1992 847 2122 919 fovere.

1137 943 1262 1028 Τέττιξ
1289 944 1359 1039 μὲν
1388 943 1523 1046 τέττιγι
1548 943 1672 1042 φίλος,
1699 941 1870 1044 μύρμακι
1896 941 1937 1020 di
1959 938 2123 1041 μύρμαξ,

1133 1048 1252 1143 inquit
1268 1045 1490 1124 Theocritus.
1541 1051 1581 1121 Si
1601 1047 1659 1120 bic
1681 1071 1802 1120 sensus
1821 1049 1945 1120 tuendi
1961 1071 2123 1118 commu·

1133 1151 1188 1218 nis
1210 1151 1348 1238 generis
1371 1151 1519 1222 minutis
1540 1151 1682 1222 insectis
1703 1153 1814 1234 inest,
1847 1151 1990 1242 qnando
2012 1148 2124 1236 magis

1133 1252 1236 1322 nobis
1253 1252 1365 1324 inesse
1382 1252 1510 1324 debet?
1539 1251 1582 1322 B.
1592 1251 1635 1328 V.
1651 1253 1709 1323 die
1729 1248 1787 1328 15.
1802 1248 1886 1323 Iulii
1901 1273 1995 1321 anno
2013 1244 2123 1324 1545.

1981 1606 2038 1670 17.
2054 1595 2114 1664 lul.
2148 1598 2150 1600 ’

1949 1687 2120 1722 m

1142 1595 1211 1670 Νο.
1227 1595 1339 1672 3223.

1138 1687 1309 1722 m

1464 1781 1519 1864 R.
1548 1776 1789 1892 Bor-clinga

1229 1933 1305 2001 †Es
1322 1925 1477 2007 apographo
1495 1933 1525 1989 in
1542 1933 1605 1990 cod.
1622 1931 1709 1988 Paris.
1728 1931 1766 1986 D.
1785 1931 1815 1986 l..
1833 1929 1892 1986 54⁸.

1141 2047 1196 2168 D.
1222 2087 1250 2161 I
1256 2087 1396 2162 acobo
1420 2087 1668 2208 Bardingo
1695 2085 1836 2160 doctori
1859 2085 1955 2158 ortis
1980 2083 2096 2157 medi·

1563 2215 1677 2262 cenae.

1127 2287 1172 2379 S.
1193 2306 1238 2382 D.
1290 2304 1429 2398 Exurge
1450 2305 1604 2379 Domine
1629 2299 1781 2396 DeusJJet
1802 2304 1974 2375 exaltetur
1993 2324 2120 2372 manus

1127 2426 1205 2496 tua3
1238 2434 1284 2480 ne
1309 2410 1528 2480 obliviscaris
1554 2420 1919 2502 pauperumtuorum
1941 2405 1979 2473 in
2002 2405 2120 2477 finem.

1127 2511 1203 2582 llac
1218 2537 1304 2582 voce
1320 2535 1385 2602 pro
1399 2511 1501 2581 vobis
1520 2533 1661 2606 quoque
1684 2531 1826 2600 precor,
1852 2521 1893 2578 ut
1906 2502 2002 2576 Deus
2022 2505 2120 2574 miti-

1127 2627 1184 2703 get
1206 2613 1386 2684 servitutis
1400 2627 1535 2684 restrae
1556 2612 1800 2704 asperitatem,
1822 2620 1862 2678 ut
1879 2607 2014 2698 integra
2030 2621 2128 2676 con·'

1126 2715 1273 2786 scientia
1287 2713 1372 2784 laeti
1395 2713 1560 2785 iuvocare
1571 2709 1688 2785 Deum
1701 2722 1883 2782 aeternum
1897 2721 2033 2800 patrem
2052 2709 2119 2777 do-

1127 2816 1345 2886 mini‘nostri
1363 2811 1442 2886 lesu
1457 2810 1592 2886 Christi
1606 2810 1747 2907 possitis
1761 2809 1844 2882 etei
1860 2809 1989 2900 gratias
2004 2831 2117 2899 agere.

1126 2917 1218 2988 Nam
1234 2919 1347 2988 donec
1363 2916 1402 2986 in
1417 2917 1480 2988 tali
1497 2916 1581 2987 estis
1594 2938 1749 2999 carcere,
1775 2935 1865 3007 quae
1881 2923 2029 3002 possunt
2040 2909 2118 2979 dari

1126 3019 1273 3090 consilia
1289 3033 1412 3090 contra
1427 3017 1659 3088 violentiam?
1699 3009 1833 3104 Scripsi
1846 3011 1982 3105 aliquid
2001 3035 2042 3080 eo
2059 3033 2119 3079 ar-

1126 3135 1311 3211 gomento,
1336 3120 1432 3212 quod
1456 3111 1684 3190 Franciscus
1702 3111 1898 3209 Hispanas
1921 3113 1991 3196 ait,
2017 3134 2053 3180 se
2070 3113 2116 3179 ad

1126 3222 1257 3292 amicos
1272 3221 1310 3290 iu
1325 3219 1508 3311 Belgicam
1523 3219 1674 3304 misisse3
1699 3218 1760 3286 sed
1776 3211 1912 3286 etiamsi
1931 3213 1969 3282 id
1990 3211 2117 3302 legeri-

1125 3323 1189 3408 tis,
1219 3337 1423 3406 occurrent,
1456 3335 1497 3392 nt
1525 3323 1581 3406 fit,
1613 3313 1767 3410 multa¹)
1795 3313 2041 3408 particularia,
2071 3315 2116 3383 de

1126 3421 1256 3519 quibus
1277 3425 1491 3514 respondere
1509 3447 1572 3516 per
1591 3422 1727 3502 literas,
1760 3441 1849 3514 quae
1867 3415 1998 3486 deinde
2018 3415 2117 3484 velut

1124 3521 1340 3598 decreta‘arai
1355 3519 1580 3620 ψηφίσματα
1601 3522 1915 3602 circumferuntur,
1938 3516 2115 3608 periculo-

1125 3651 1203 3697 sum
1223 3641 1285 3699 est.
1335 3625 1494 3697 Consilia
1509 3629 1555 3696 do
1579 3625 1690 3694 firmis
1712 3621 1857 3691 duriora
1878 3612 1942 3688 καὶ
1963 3613 2114 3712 ἆκριβέ-
2139 3637 2145 3642 ·

1126 3751 1255 3822 στερα,
1282 3728 1469 3822 tyronibus
1490 3741 1525 3799 et
1547 3723 1750 3794 imbellibus
1765 3721 1919 3804 leviora,
1946 3719 2008 3812 qui
2030 3742 2116 3810 pro-

1125 3825 1279 3899 vehendi
1296 3843 1380 3898 sunt
1393 3852 1466 3898 non
1482 3827 1700 3905 deterrendi,
1725 3837 1766 3894 ut
1781 3821 1915 3892 Paulus
1929 3818 2027 3892 iubet
2046 3815 2115 3890 τὸν

1125 3929 1365 4003 ἀσθενοῦντα
1383 3933 1430 4022 τῇ
1454 3923 1574 4001 πίστει
1594 3915 1971 4026 προςλαμβιίνεσθαι,
1994 3915 2048 4014 μὴ
2064 3921 2114 4000 τίς

1123 4027 1324 4126 διακρίσεις
1343 4025 1608 4129 διαλογισμῶν.
1660 4027 1763 4098 Hanc
1785 4027 1858 4095 sere
1879 4022 2052 4092 rationem
2073 4022 2112 4089 in

1122 4129 1178 4203 his
1200 4133 1357 4203 consiliis
1382 4157 1523 4226 sequor.
1582 4129 1698 4230 ¹Quod
1720 4151 1804 4200 vero
1826 4139 1865 4196 tu
1891 4125 1935 4194 de
1960 4123 2023 4195 tali
2050 4147 2113 4218 pa-

1122 4249 1216 4306 store
1243 4235 1420 4324 disputas,
1452 4235 1514 4329 qui
1543 4247 1636 4304 recte
1663 4232 1789 4301 docere
1818 4225 1944 4320 possit,
1979 4226 2008 4294 si
2038 4249 2114 4296 ser-

1122 4351 1179 4407 vet
1207 4336 1328 4406 missas
1347 4333 1383 4431 ²)
1414 4335 1503 4421 rito,
1552 4357 1626 4403 non
1655 4331 1809 4402 arbitror
1847 4342 2017 4422 tyrannos
2050 4351 2112 4396 ve-

1120 4453 1211 4508 stros
1241 4439 1391 4508 tolerare
1425 4436 1644 4530 quempiam,
1686 4433 1749 4526 qui
1781 4431 1837 4499 vel
1868 4428 1987 4520 aperte
2018 4441 2112 4498 taxat

75 4513 381 4618 Chrislophorns,
397 4523 496 4593 cuius
512 4518 602 4590 mibi
616 4537 742 4593 natura
757 4525 979 4614 perliberalis
994 4525 1070 4595 visa
1120 4551 1341 4610 mortuorum
1377 4537 1657 4619 invocationem,
1701 4529 1759 4602 vel
1792 4531 1932 4601 aboleat
1965 4530 2111 4600 eamne.

76 4640 139 4700 esl·
191 4621 283 4694 Cum
297 4624 406 4713 igitur
422 4637 568 4716 propiet
583 4624 739 4716 impiam
754 4649 897 4697 manere
912 4619 971 4696 hic
987 4627 1069 4696 diu·
1119 4665 1183 4710 nas
1201 4639 1340 4732 impias.
1398 4637 1545 4710 Frustra
1566 4638 1675 4728 igitur
1693 4633 1935 4729 quaestionem
1957 4631 2111 4725 proponi

76 4727 148 4797 tius
162 4749 237 4795 nou
254 4739 388 4814 posset,
409 4747 475 4794 nec
489 4747 552 4815 ego
568 4727 674 4794 aliam
688 4726 863 4796 rationem
880 4727 1068 4798 consuler·
1119 4743 1284 4815 arbitror,
1336 4739 1420 4811 [deo
1442 4738 1752 4834 pronunciandum
1775 4757 1850 4804 non
1865 4733 2000 4826 putavi,
2051 4731 2110 4803 si.

74 4829 111 4897 di
128 4828 161 4896 ⁰5
185 4825 381 4895 invenirem
397 4826 530 4910 ullam.
547 4827 696 4897 'decurri
712 4829 755 4896 ad
775 4821 1068 4916 ¹¹⁰⁰0⁰1¹⁸ffi¹¹¹115
1119 4844 1283 4934 gnificarc
1303 4838 1393 4912 mihi
1410 4841 1594 4934 poteritis,
1618 4863 1665 4910 an
1685 4838 1777 4908 illud
1798 4857 1917 4906 meum
1938 4834 2109 4926 scriptum

73 4929 127 5001 ini
141 4941 285 5012 auctor,
312 4941 352 4999 ut
367 4929 412 4996 ad
428 4941 462 4998 te
477 4929 774 5017 proficisceretur,
799 4942 840 4999 ut
854 4929 991 5000 inludo
1005 4944 1067 5001 tno
1118 4939 1357 5016 ..mammo
1366 4941 1701 5040 Hsspammissum
1717 4939 1805 5009 istuc
1820 4934 1992 5009 videritis,
2034 4932 2111 5004 Do.

73 5031 105 5102 ei
126 5029 257 5120 aliquis
278 5029 378 5098 locus
397 5028 667 5112 attribueretur,
692 5042 754 5099 aut
775 5043 835 5100 tua
852 5046 914 5102 aut
927 5046 1068 5102 conter-
1118 5061 1212 5117 „tore
1235 5059 1351 5116 ωηο
1375 5069 1539 5132 moveor,
1565 5059 1600 5115 et
1618 5041 1752 5114 mederi
1772 5037 1900 5110 animis
1913 5035 2026 5126 aegris
2047 5059 2110 5106 cu.

72 5127 234 5224 raneiD.
250 5124 419 5199 Martini
431 5129 614 5221 diligentia
637 5131 683 5200 ab
707 5130 828 5201 amicis
842 5119 978 5226 aliquid
991 5133 1069 5204 via-

106 5413 138 5486 *l
154 5413 229 5493 Coti.
243 5414 327 5476 Goth.
343 5417 417 5476 tet:
435 5418 657 5492 bambergensis.

1116 5233 1345 5252 m

1152 5339 1178 5406 l)
1197 5340 1290 5391 matta
1307 5335 1482 5392 scribendum
1498 5333 1589 5404 putari
1607 5352 1658 5408 pro
1675 5325 1770 5405 nollo,
1781 5297 1863 5404 *quod
1879 5329 2010 5386 mendum
2026 5336 2075 5386 esl.

1151 5423 1180 5490 9)
1198 5423 1303 5494 Apogr.
1322 5423 1437 5492 mures,
1457 5422 1532 5492 quod
1550 5439 1600 5492 pro
1618 5419 1721 5476 mendo
1738 5417 1837 5474 babeo.
