4722 5808
121 447 233 522 nimis
255 445 327 521 cito
348 449 558 542 abmmpere
583 459 724 519 nostros
749 466 966 537 congressus.
1016 435 1114 515 Mihi

121 552 245 638 crede,
270 575 344 622 non
367 551 445 622 sine
475 551 595 645 aliquo
625 549 749 620 dolore
776 571 835 618 me
863 547 990 620 avello.
1041 543 1113 616 Sed

121 653 225 724 vides
246 653 494 744 occupationes
509 665 543 724 et
563 652 722 722 miserias
737 663 886 720 nostras.
936 645 1114 718 Pruemur

122 767 241 825 autem
267 754 423 824 amicitia
456 746 577 824 nostra
610 753 649 822 iu
683 765 825 823 aeterna
858 747 1113 822 consuetudine

119 852 301 927 Ecclesiae
323 855 392 926 Dei
415 857 528 926 mtrlto
551 853 718 940 uberius,
750 867 785 925 et
810 865 929 930 tamen
958 849 1112 933 interim,

120 971 295 1050 quantum
319 958 532 1050 poterimus,
557 958 777 1027 conferemus
800 975 924 1045 operas
948 953 993 1022 ad
1012 951 1111 1020 illam

120 1057 234 1149 ipsam
249 1056 461 1144 Ecclesiam,
485 1060 655 1152 adquam
679 1055 877 1137 tendimus,
902 1054 1112 1125 ornandam.

119 1156 195 1230 Nec
218 1161 383 1250 exiguum
411 1161 533 1230 iudico
560 1161 714 1229 fmctum
745 1181 817 1228 esse
846 1156 1021 1227 amicitiae
1045 1177 1112 1222 no-

119 1273 231 1346 strae,
270 1261 502 1332 consiliorum
529 1275 563 1331 et
588 1261 786 1332 studiorum
812 1257 1112 1340 coniunctionem,

119 1385 227 1454 quam
243 1375 283 1433 ut
298 1361 395 1433 Deus
409 1363 574 1448 adiuvet,
598 1375 695 1454 opto.

191 1509 301 1581 Mitto
315 1503 497 1583 Formam
514 1497 741 1578 Consistorii
753 1509 847 1602 apud
863 1530 929 1578 nos
944 1503 1110 1578 instituti.

118 1605 186 1682 Est
208 1626 326 1683 autem
350 1627 526 1704 postrema
554 1611 592 1678 in
616 1611 717 1696 aula,
750 1635 790 1679 ex
812 1623 933 1679 nostro
955 1607 1109 1701 quodam

119 1713 251 1805 scripto
280 1713 451 1805 exculpta.
516 1710 587 1783 Sed
616 1707 674 1780 bic
696 1711 801 1806 plura
823 1725 906 1782 sunt
926 1701 1110 1791 δικανικοὶ,

119 1838 188 1884 nos
209 1810 406 1904 theologica
429 1814 532 1906 plura
554 1813 825 1888 inserueramus.
881 1809 936 1882 De
957 1807 1109 1901 inquisi-

118 1916 219 1986 tione
240 1917 437 2000 doctrinae‚
463 1916 507 1984 de
527 1913 751 1984 ordinatione
774 1907 799 2006 ἢ
818 1909 1016 1990 ἐπιθέσεως
1033 1933 1109 2000 χει-

119 2022 218 2114 ρῶν,
246 2019 289 2086 de
304 2017 509 2086 defensione
526 2028 718 2106 pastorum.
762 2013 832 2086 Sed
850 2015 894 2083 de
911 2007 968 2082 bis
982 2035 1110 2094 coram,

119 2141 201 2189 cum
221 2119 350 2189 iterum
367 2117 627 2189 conveniemus.
676 2113 775 2184 Bene
791 2115 869 2184 vale
891 2128 926 2184 ct
947 2111 1109 2184 rescribe.

118 2218 196 2290 Hac
227 2235 334 2290 nocte
369 2219 459 2289 mira
501 2218 638 2288 somnia
679 2217 724 2286 de
756 2215 953 2286 Pannoniis
988 2210 1110 2286 habui.

118 2319 185 2396 xl.
205 2316 386 2393 Octobris.

676 2406 867 2510 Philippus
881 2410 1059 2490 Melanth.

947 2761 1005 2822 12.
1027 2751 1099 2817 Oot.

931 2843 1103 2873 m

129 2751 197 2826 No.
207 2751 321 2828 5287.

159 2914 163 2920 ’
466 2947 753 3034 noceam...

185 3125 289 3182 licod.
304 3125 400 3181 Benaci
419 3124 441 3180 Ι.
465 3144 492 3197 p.
512 3123 587 3179 tort.
611 3122 683 3180 edita
699 3141 714 3178 e
733 3121 822 3178 Deua.
847 3139 889 3193 ep.
909 3120 952 3178 58.
978 3119 1060 3176 Nunc
1078 3140 1108 3175 es

218 3195 317 3252 eodem
336 3196 426 3250 denuo
445 3193 586 3266 descripte.

217 3349 332 3427 Dum.
357 3347 517 3422 Ductori
540 3344 747 3422 Nicolao
773 3339 998 3420 Medlero.

113 3468 160 3558 S·
178 3482 225 3559 D.
256 3479 464 3575 Expatiatus
476 3481 545 3550 fuit
559 3481 597 3548 in
613 3481 764 3570 patriam
777 3470 981 3562 Latherus,
1001 3501 1107 3570 quem

115 3587 303 3661 comitatus
319 3607 408 3658 sum.
435 3581 493 3652 lbi
507 3580 745 3651 intelleximus
761 3603 876 3648 arcem
889 3573 1107 3647 Steinbrnck

115 3682 336 3782 aLycaonc
361 3695 535 3774 receptam
559 3705 650 3767 esse,
684 3695 718 3752 et
742 3679 927 3750 obsidione
954 3680 1104 3748 cinctam

114 3787 345 3886 Lycaoniam.
404 3783 569 3854 Vidimus
602 3797 637 3852 ct
665 3783 785 3852 literas
823 3794 964 3851 senatus
997 3795 1104 3850 vestre

707 265 1148 352 EPISTOLARUM
1196 261 1395 345 mtttx.
1448 267 1579 346 tete.

2083 269 2159 352 tot

1165 433 1350 511 historiam
1366 463 1486 510 rerum
1506 454 1704 512 vestrarum
1718 441 1904 532 significes.
1954 441 2052 518 Bene
2067 447 2156 522 vale.

1163 537 1236 612 Die
1247 545 1307 616 12.
1324 537 1492 614 Octobris
1511 540 1624 617 1545.

1810 645 1852 716 P.
1877 643 2103 722 Melantbon.

1161 946 1355 1074 Q.

1962 1003 1970 1012 ·
2036 960 2085 1041 (ἢ.
2101 963 2143 1046 ¹·)

1432 1131 1487 1216 H.
1515 1129 1880 1246 Banmgartaeru.

1230 1287 1386 1414 Epfflnlib:
1403 1288 1504 1429 ἕλωρ..
1523 1290 1574 1345 114
1587 1309 1627 1362 sq.
1645 1323 1680 1338 -
1714 1291 1766 1349 Hie
1790 1311 1820 1346 ex
1844 1295 2013 1368 sutogrspbo
2031 1295 2061 1352 in
2086 1300 2150 1356 eod.

1161 1484 1387 1564 Clarissimo
1401 1489 1497 1578 ciro,
1521 1487 1723 1564 eruditione
1738 1503 1771 1566 et
1789 1493 1917 1568 virtute
1930 1497 2151 1596 praestanti,

1160 1590 1215 1668 D.
1246 1591 1537 1688 Hieronymo
1570 1589 1934 1691 Bomgartaero‚
1976 1595 2152 1673 Senatori

1298 1688 1582 1788 Noribergensi‚
1607 1697 1810 1769 amicosne
1825 1697 2018 1773 carissimo

1159 1805 1202 1894 S.
1225 1821 1272 1901 D.
1322 1823 1440 1896 Multa
1456 1827 1561 1898 nobis
1581 1831 1738 1920 exempla
1752 1832 1905 1903 ostendit
1918 1829 2033 1922 Deus,
2059 1862 2149 1930 quae

1158 1939 1317 2012 monent,
1337 1941 1378 1998 ut
1393 1952 1466 1998 non
1482 1942 1621 1999 tantum
1636 1924 1802 2002 humanis
1818 1934 1977 2005 consiliis
1991 1959 2031 2006 ac
2046 1961 2149 2029 prae-

1159 2027 1259 2097 sidiis
1280 2029 1424 2098 defendi
1447 2052 1513 2098 nos
1535 2031 1699 2116 sciamus,
1733 2035 1793 2102 sed
1818 2037 2010 2124 petendum
2034 2063 2146 2110 essea

1158 2126 1235 2198 Deo
1261 2129 1523 2215 defensionem,
1557 2144 1592 2200 et
1617 2132 1919 2222 gubernationem.
1980 2137 2034 2208 Te
2057 2153 2149 2228 tuae,

1159 2229 1248 2299 alios
1271 2253 1354 2300 suae
1375 2254 1564 2300 aerumnae
1588 2233 1766 2308 erudiunt.
1817 2233 1921 2306 Nunc
1945 2241 2082 2327 subito,
2108 2257 2149 2316 ut

1160 2331 1246 2400 olim
1264 2331 1457 2415 dicebatur,
1479 2327 1633 2413 πανικὸς
1645 2326 1817 2430 θόρυβος
1838 2346 1954 2409 motus
1969 2355 2030 2412 est.
2055 2339 2147 2415 Cum

1160 2433 1274 2502 nostri
1290 2432 1454 2524 imparati
1472 2446 1604 2519 essent,
1628 2427 1787 2530 Lycaon
1804 2438 1937 2509 bellum
1953 2457 2087 2528 movet,
2114 2459 2149 2517 et

1120 2558 1129 2568 ·
1161 2533 1305 2627 quidem
1343 2556 1510 2624 magnum
1542 2547 1577 2605 et
1602 2535 1744 2608 firmum
1773 2540 1963 2612 exercitum
1993 2545 2148 2624 adducit.

1159 2633 1243 2705 Non
1266 2634 1391 2707 dubito
1414 2637 1502 2729 quin
1517 2635 1668 2708 Senatus
1685 2653 1800 2710 vester
1819 2641 1966 2732 singulis
1982 2647 2148 2738 septima-

1160 2736 1217 2805 nis
1239 2729 1369 2806 habeat
1390 2749 1502 2807 certos
1521 2738 1684 2814 nuncios.
1733 2739 1831 2812 Haec
1853 2767 1933 2814 cum
1957 2749 2147 2822 scriberem

1159 2831 1218 2907 bic
1231 2850 1370 2908 tantum
1390 2837 1493 2908 initia
1508 2839 1719 2928 sciebamus,
1744 2867 1859 2912 arcem
1876 2837 2070 2944 Steinbcrg
2086 2875 2147 2921 oc.

1159 2950 1321 3029 cupatam
1349 2959 1443 3024 esse,
1458 2951 1502 3009 et
1524 2963 1688 3030 magnam
1709 2943 1856 3014 ditionis
1883 2959 2038 3036 partem,
2062 2943 2147 3052 Ly.

1160 3035 1329 3110 caoniam
1345 3041 1475 3111 frustra
1490 3053 1739 3132 oppugnatam,
1754 3057 1789 3115 et
1796 3039 2011 3140 Lycaonem
2028 3051 2145 3142 ipsum

1158 3143 1229 3210 iam
1257 3142 1441 3234 reliquisse
1470 3143 1712 3230 obsidionem;
1749 3147 1887 3217 venisse
1908 3173 1993 3220 vero
2015 3147 2147 3224 Mace-

1158 3237 1287 3312 donem
1306 3243 1347 3311 in
1368 3235 1639 3313 Gandcrslseim
1648 3239 1675 3339 ¹)
1706 3269 1785 3317 cum
1810 3250 1975 3326 exercitu.
2026 3251 2142 3326 Deum

1157 3367 1315 3426 oremus,
1337 3357 1378 3414 ut
1401 3357 1515 3415 servet
1531 3341 1726 3433 Ecclesiae,
1752 3349 1936 3444 inquibus
1957 3368 2144 3428 sonatvox
2234 3405 2242 3412 -

1155 3441 1354 3534 Evangelii,
1370 3458 1405 3516 et
1417 3447 1592 3516 mediocre
1606 3449 1765 3518 studium
1779 3465 1830 3521 est
1843 3453 2051 3546 disciplinae
2063 3458 2143 3550 piae

1156 3569 1196 3614 ac
1217 3540 1396 3619 honestae.
1446 3545 1657 3640 Priusquam
1680 3545 1748 3620 hae
1769 3551 1892 3622 literae
1913 3557 2037 3626 advos
2060 3583 2141 3649 per-

1154 3647 1315 3727 venient,
1340 3640 1608 3745 dicoioyaieepa
1625 3645 1812 3726 babebitis.
1853 3652 1961 3726 Mitto
1975 3657 2042 3728 tibi
2057 3653 2142 3754 Ly.

1093 3781 1103 3798 ·
1154 3743 1260 3840 curgi
1275 3747 1514 3817 dulcissimam
1529 3749 1722 3820 orationem
1744 3767 1778 3825 et
1792 3753 1878 3824 alias
1892 3761 2060 3858 quasdam
2077 3785 2141 3852 pa-

115 3892 262 3983 scriptas
292 3889 337 3958 ad
378 3887 542 3956 comitem
570 3878 761 3952 Alberlum
794 3879 1104 3951 Mansieldensem.
1153 3849 1270 3938 591139·
1321 3843 1424 3918 celle
1446 3848 1677 3944 Lycufdifflm
1700 3854 1772 3924 ⁵⁰50
1791 3855 1858 3926 libi
1878 3872 2024 3949 Propter
2043 3875 2140 3932 vele·

112 3992 261 4075 Postea,
293 4012 374 4060 cum
408 3989 552 4056 domum
587 4007 748 4054 reversus
783 4005 911 4066 essem,
944 3976 1104 4052 exhibuit

114 4089 205 4165 mibi
223 4093 343 4161 literas
357 4101 434 4158 tuas
449 4086 621 4176 Magister
636 4075 946 4178 Sigismundus*)
968 4084 1011 4152 de
1030 4095 1103 4169 tuo,

113 4195 241 4265 itinere
257 4191 421 4280 scriptas,
447 4190 542 4281 quod
565 4187 671 4257 luisse
686 4187 840 4256 faustum
856 4198 890 4256 et
910 4185 993 4254 felix
1017 4207 1104 4275 gau-

113 4297 202 4378 deo,
231 4305 264 4364 et
291 4315 416 4383 precor
441 4287 557 4359 Deum
585 4301 769 4357 aeternum
797 4299 931 4376 patrem
954 4283 1087 4355 Domin

114 4395 230 4466 nostri
251 4391 330 4464 lesu
351 4386 505 4475 Christi,
528 4401 569 4460 ut
589 4401 704 4458 servet
727 4401 761 4459 et
789 4401 886 4476 regat
906 4383 1101 4456 Ecclesiam

112 4495 182 4570 Dei
201 4497 239 4564 in
262 4493 351 4564 urbe
364 4491 583 4580 Brunsviga,
614 4503 648 4560 et
664 4489 899 4559 ministerium
922 4502 1023 4558 tuum
1037 4511 1103 4578 gu-

113 4601 255 4683 bernet,
281 4607 316 4664 et
331 4593 496 4663 defendat
510 4589 691 4684 politiam,
716 4613 807 4685 quae
820 4585 1014 4683 hospitium
1030 4585 1102 4659 Ee-

114 4700 239 4771 clesiae
265 4696 418 4790 praebet.
469 4691 638 4763 Arbitror
663 4717 760 4764 ntrnc
787 4685 1032 4762 Macedonem
1056 4692 1101 4759 ad

114 4825 180 4870 vos
201 4823 280 4870 cum
298 4795 451 4866 exercitu
466 4795 624 4876 venisse,
646 4817 750 4885 quem
767 4793 904 4862 utinam
922 4789 1019 4860 Deus
1038 4792 1102 4859 ad·
1150 4789 1218 4863 No.
1234 4785 1347 4861 3289.

113 4903 212 4974 iuvet
229 4901 268 4968 in
287 4897 512 4988 reprimendo
528 4888 717 4989 Lycaone.
768 4891 884 4962 Valde
906 4906 941 4961 te
962 4916 1037 4976 oro,
1061 4903 1103 4960 ut

113 5000 379 5100 quamprimum
393 4995 530 5090 aliquid
554 5007 689 5086 gestum
710 4993 838 5078 fuerit,
863 4986 954 5060 mihi
969 4992 1024 5060 vel
1039 5015 1103 5084 per

112 5104 328 5199 peculiarem
342 5097 587 5178 tabellarium,
612 5095 671 5166 cui
685 5095 882 5165 mercedem
896 5093 1103 5179 numerabo,

117 5303 320 5320 ...ιη’-*-

148 5428 179 5500 ὒ)
197 5426 310 5494 snam.
326 5421 511 5488 Sdserlelius,
529 5413 771 5489 Nsumburgensis.
805 5411 887 5480 (Note
905 5409 981 5476 Bae.)

114 5511 294 5575 lllscssra.
310 5505 415 5566 Oeen.
431 5499 512 5561 Vos..
528 5497 569 5560 V.

1152 3973 1208 4018 res
1234 3949 1364 4018 multas
1392 3945 1578 4032 historias,
1611 3975 1698 4044 quas
1725 3955 1865 4042 recitat,
1895 3970 1930 4028 et
1953 3956 2138 4054 Euripidis

1152 4074 1273 4120 versus
1289 4051 1579 4121 iucundissimam
1595 4053 1681 4127 lore.
1720 4047 1817 4126 Bene
1832 4058 1910 4128 vale
1926 4073 1961 4131 et
1976 4063 2139 4140 rescribe.

1151 4144 1367 4220 Dichtelias
1380 4153 1466 4243 legit
1488 4177 1508 4224 a
1529 4177 1650 4224 mensa
1670 4157 1847 4248 quotidie,
1872 4183 1977 4252 quem
1993 4175 2053 4234 tua
2074 4188 2139 4237 au-

1090 4287 1103 4355 i
1152 4253 1292 4323 toritate
1321 4255 1472 4325 maxime
1498 4255 1617 4328 iudico
1645 4255 1684 4324 in
1713 4257 1829 4328 officio
1852 4263 1998 4339 retineri
2027 4287 2138 4358 posse.

1152 4353 1240 4424 vate
1255 4349 1297 4454 ²).

1655 4451 1846 4553 Philippus
1866 4459 2090 4542 Melanthon.

2107 4678 2141 4693 -q

1996 4815 2053 4877 16.
2069 4813 2140 4881 Oot.

1158 4883 1330 4914 Um
2007 4905 2141 4947 Μ

1414 4966 1595 5082 Georgia
1621 4968 1884 5061 Anhaitino.

1235 5126 1323 5202 ttpia.
1341 5129 1387 5190 lib.
1406 5127 1443 5184 11.
1460 5147 1488 5201 p.
1502 5129 1564 5186 256.
1582 5128 1663 5200 (edit.
1681 5133 1770 5192 Laud
1792 5131 1826 5191 ll.
1848 5155 1891 5209 ep.
1906 5135 1989 5210 est).

1189 5335 1215 5400 1)
1233 5331 1335 5403 Spania.
1353 5328 1499 5385 mendose:
1525 5327 1683 5391 Gandersle.

1188 5415 1219 5483 2)
1238 5415 1297 5469 Alis
1315 5429 1413 5468 manus
1429 5409 1587 5494 adscripsit:
1605 5409 1683 5470 1545.

1290 5483 1340 5560 55
