4722 5808
98 263 176 343 765
592 289 601 300 ·
679 251 1122 333 EPISTOLARUM
1184 259 1388 338 utntx.
1444 259 1575 336 1545.
2069 261 2143 337 tos

95 446 188 516 ciam
212 463 311 513 suam
333 447 542 529 agnoscant,
570 432 631 528 qul
648 444 849 523 contempta
865 431 943 500 luce
960 429 1094 500 divini·
1148 446 1216 502 tur.
1253 429 1305 502 lta
1320 455 1385 503 nos
1402 433 1533 524 singuli
1556 436 1594 505 in
1612 437 1870 507 calamitatibus
1887 437 2016 508 nostris
2031 459 2142 528 agno-

95 561 153 620 tus
183 556 379 616 monstrata
412 565 452 612 ex
483 561 556 607 sese
594 537 745 627 gignunt
773 533 1097 624 interpretationes,
1148 558 1285 604 scamus
1308 535 1397 606 iram
1414 537 1491 618 dei,
1518 551 1552 608 et
1570 539 1827 628 mitigationem
1843 553 2022 631 petamus,
2048 563 2138 632 quae

94 649 216 744 quales
231 647 426 718 multorum
442 654 525 713 sunt
542 653 702 710 veterum
719 651 753 708 et
769 636 966 708 recentium
983 636 1095 706 inter·
1148 661 1227 706 cnm
1254 639 1331 724 fiet,
1366 653 1483 708 tamen
1508 636 1705 712 haerebunt
1730 643 1870 735 aliquae
1898 666 2032 733 poenae
2060 657 2140 712 tan-

91 751 319 845 pretationes.
1148 763 1254 832 quam
1283 741 1504 823 monitrices,
1540 767 1585 812 ne
1620 745 1871 814 obliviscamur
1903 745 2042 836 lapsum
2072 769 2141 812 no-

195 851 239 923 ln
255 847 322 922 hoc
333 843 511 940 Propheta
527 846 621 916 inter
635 842 823 914 conciones
839 841 1002 911 omnium
1018 863 1094 908 ma·
1147 857 1300 912 strorum
1323 857 1356 914 et
1377 845 1546 914 bonitatis
1567 847 1719 920 divinae.
1771 845 1891 916 Sensit
1905 841 2023 936 Adam
2040 845 2139 916 miti-

92 958 187 1028 xime
210 951 458 1024 memorabiles
479 963 514 1018 et
535 943 621 1018 haec
641 958 693 1016 est
709 944 749 1012 in
765 943 878 1035 capite
892 943 1093 1023 undecimo,
1146 957 1260 1035 gatam
1286 963 1358 1014 esse
1380 971 1549 1038 poenam,
1583 973 1663 1018 cum
1686 963 1845 1040 receptus
1868 961 1936 1033 est,
1966 973 2031 1018 nec
2054 971 2137 1017 mox

93 1059 159 1132 ubi
183 1059 270 1130 deus
291 1069 326 1126 et
349 1053 454 1124 irasci
470 1074 506 1120 se
522 1049 671 1141 peccatis
685 1043 909 1118 horribiliter
926 1045 1094 1130 ostendit,
1147 1069 1334 1139 oppressus
1349 1063 1490 1118 aeterna
1506 1065 1637 1133 morte,
1662 1053 1723 1121 sed
1741 1066 1873 1144 quanto
1900 1051 1938 1119 in
1956 1053 2054 1121 luctu
2070 1051 2139 1120 fuit

96 1175 131 1234 ct
153 1160 272 1230 tristes
297 1179 430 1250 poenas
457 1153 625 1240 minatur.
683 1147 824 1222 Rursus
850 1163 969 1219 autem
1001 1143 1093 1218 hanc
1147 1164 1291 1241 propter
1310 1152 1435 1220 amissa
1457 1151 1577 1243 priora
1598 1155 1723 1224 decora
1748 1167 1782 1224 et
1795 1167 1943 1245 propter
1957 1139 2139 1222 calamita-

93 1264 277 1354 ingentem
299 1260 390 1330 iram
412 1255 519 1326 leniri
542 1255 714 1322 immensa
736 1252 895 1331 bonitate
921 1251 1025 1335 dicit,
1059 1263 1093 1320 et
1146 1266 1215 1338 tes,
1241 1277 1331 1346 quae
1352 1268 1489 1324 secutae
1507 1269 1591 1326 sunt
1613 1257 1805 1348 plurimae,
1833 1281 1912 1324 cum
1933 1255 1970 1322 in
1988 1254 2138 1348 posteris

94 1363 289 1458 promittit,
314 1385 350 1430 se
371 1359 617 1448 mitigaturum
634 1377 707 1424 esse
720 1377 863 1446 poenas.
913 1353 1093 1424 llaecon-
1146 1368 1387 1448 contemptum
1411 1357 1488 1437 dei,
1516 1359 1706 1448 parricidia
1731 1372 1766 1428 et
1786 1358 1875 1428 alios
1898 1359 2035 1430 furores
2062 1381 2136 1426 cer-

95 1467 270 1538 solatione
293 1487 374 1534 curn
394 1461 498 1532 nobis
517 1458 684 1528 omnibus
699 1479 789 1548 opus
805 1455 867 1542 sit,
892 1457 998 1525 verba
1023 1449 1093 1524 hu·
1145 1457 1268 1528 neret?
1709 1482 1714 1488 ·

94 1572 151 1640 ius
175 1569 247 1639 loci
267 1563 542 1635 familiarissime
563 1560 730 1630 omnibus
752 1572 837 1628 nota
855 1581 929 1628 esse
943 1569 1091 1649 oportet.

94 1666 193 1742 Mihi
209 1669 353 1763 quidem
378 1689 479 1756 saepe
500 1662 717 1734 moesticiam
738 1661 796 1730 vel
818 1684 858 1729 cx
875 1659 1020 1750 privatis
1036 1659 1092 1728 vel

96 1799 136 1844 ex
158 1770 315 1865 publicis
337 1767 489 1839 miseriis
504 1779 617 1836 ortam
641 1763 831 1835 lenierunt.
882 1761 996 1840 Num,
1032 1761 1091 1828 in-

94 1875 190 1971 quit,
214 1873 340 1944 delebo
357 1865 553 1962 Ephraim,
579 1866 670 1936 sicut
689 1864 806 1934 delevi
827 1864 958 1956 oppida
975 1862 1092 1934 Sodo-

94 1979 161 2048 mis
183 1975 325 2046 vicina?
376 1972 459 2044 Non
487 1969 631 2053 faciam,
663 1966 800 2060 inquit,
830 1967 988 2036 furorem
1019 1965 1091 2034 irae

92 2104 211 2165 meae,
226 2069 321 2172 'quia
337 2079 424 2146 deus
439 2096 502 2163 ego
519 2095 597 2142 sum
613 2085 648 2142 et
670 2093 745 2138 non
759 2064 885 2149 homo,
913 2066 955 2138 ln
973 2067 1091 2138 medio

94 2183 148 2254 tui
160 2193 318 2252 sanctus.
357 2176 441 2249 Non
455 2175 597 2244 intrabo
617 2173 806 2242 civitatem.
840 2169 965 2241 Priora
980 2196 1092 2240 mem-

1245 1610 1343 1683 Hacc
1358 1615 1401 1684 de
1416 1615 1639 1684 memorabili
1656 1615 1750 1686 dicto
1765 1607 2079 1705 huiusProphetae
2097 1635 2137 1680 eo

1145 1714 1309 1802 recitavi,
1326 1729 1366 1786 ut
1383 1717 1544 1786 rudiores
1558 1719 1690 1798 sciant,
1714 1733 1748 1788 et
1765 1741 1854 1810 opus
1871 1740 1944 1786 esse
1958 1737 2139 1786 commen-

1145 1817 1233 1884 tario
1257 1819 1302 1886 ad
1333 1817 1544 1890 illustranda
1572 1821 1722 1890 obscura
1742 1836 1776 1892 et
1804 1820 1925 1890 brevia
1950 1817 2066 1901 dicta,
2104 1829 2139 1885 et

1144 1917 1408 1990 lucubrationes
1425 1946 1566 2007 eorum,
1592 1923 1630 1990 in
1655 1923 1785 2015 quibus
1809 1924 1943 1991 donum
1963 1921 2138 2011 interpre-

1144 2021 1288 2091 tationis
1300 2031 1303 2038 “
1314 2024 1427 2108 lucet,
1453 2038 1572 2094 ament
1587 2026 1678 2094 etad
1694 2037 1852 2116 posteros
1867 2023 2060 2093 transmitti
2076 2045 2135 2091 cu<

1143 2119 1234 2197 rent.
1291 2123 1342 2194 Hi
1366 2121 1522 2196 thesauri
1552 2127 1663 2217 magis
1694 2141 1842 2216 prosunt
1866 2123 2044 2196 Ecclesiae
2070 2122 2139 2208 dei,

1143 2249 1250 2318 quarn
1276 2251 1399 2313 aurea,
1432 2242 1594 2320 argentea
1617 2241 1650 2298 et
1672 2243 1844 2318 gemmata
1870 2252 1962 2302 vasa.
2020 2223 2138 2320 Atque

1144 2330 1283 2398 utinam
1295 2328 1603 2423 veteresEpiscopi
1620 2332 1794 2402 delectum
1810 2326 2018 2401 habuissent
2034 2352 2138 2399 enar-

1143 2432 1325 2501 rationum
1352 2446 1386 2503 et
1408 2435 1543 2505 erudita
1567 2421 1911 2526 scripta'posteritati
1928 2431 2060 2502 servari
2075 2453 2138 2500 cu-

1143 2548 1295 2616 rassent,
1329 2536 1420 2606 sicut
1443 2537 1549 2607 multi
1570 2537 1707 2628 politici
1728 2539 1980 2627 gubernatores
2001 2533 2137 2624 legibus

1143 2636 1224 2706 latis
1240 2652 1427 2708 servarunt
1451 2640 1598 2710 meliora
1620 2639 1769 2730 scripta,
1795 2637 1908 2712 Solon
1924 2652 1958 2708 et
1971 2635 2137 2706 Pisistra-

1142 2752 1200 2808 tus
1222 2737 1440 2825 Homerum,
1471 2740 1653 2836 Lycurgus
1680 2739 1818 2812 Atticus
1847 2727 1967 2812 orator
1996 2732 2135 2830 Sopho-

1143 2843 1232 2911 clem
1248 2855 1282 2912 et
1298 2839 1531 2934 Euripidem,
1553 2845 1682 2914 deinde
1698 2845 1759 2914 alii
1776 2844 1856 2914 alia.

94 2285 225 2356 brasio
248 2281 331 2354 satis
348 2278 533 2380 perspicua
551 2289 654 2360 sunt,
680 2298 760 2344 cum
777 2274 885 2343 verba
900 2289 993 2345 recte
1009 2275 1092 2343 red·

94 2390 249 2466 duntur,
266 2383 331 2454 etsi
346 2383 479 2453 latinus
494 2380 667 2470 interpres
683 2400 728 2470 pe
743 2371 810 2446 hoc
829 2376 974 2468 quidem
989 2399 1091 2468 prae-

95 2489 195 2562 stitit.
248 2484 319 2558 Sed
334 2487 379 2556 de
392 2497 571 2576 postremo
587 2479 765 2548 membro:
793 2502 867 2547 non
883 2478 1024 2550 intrabo
1041 2479 1092 2548 ci-

94 2592 262 2674 vitatem,
287 2587 376 2682 quid
397 2587 491 2656 dicet
510 2582 573 2652 ille
588 2582 783 2674 interpres,
808 2582 961 2673 quinon
978 2583 1090 2652 adfert

96 2697 138 2764 ad
154 2692 397 2764 enarrandum
416 2699 572 2756 mentem
587 2683 701 2777 piam,
724 2697 898 2753 versatam
913 2685 952 2752 in
968 2684 1091 2754 lectio-

94 2821 137 2866 ne
161 2789 391 2889 prophetica,
423 2789 607 2860 excitatam
631 2788 729 2856 dorso
750 2786 910 2871 coelesti,
939 2799 980 2858 ut
1000 2785 1091 2856 Pro-

86 2894 284 2990 phetarum
317 2915 440 2964 sensus
469 2889 682 2960 familiarius
718 2901 822 2958 notos
848 2883 994 2974 habeat,
1028 2891 1089 2958 sed

95 3013 240 3092 propter
261 2995 431 3090 Episcopi
461 2993 607 3064 titulum
636 3014 672 3061 se
696 3003 796 3083 putat
818 2991 988 3062 adflatum
1018 3015 1090 3061 esse
1244 2987 1363 3078 Quare
1378 2987 1470 3062 hanc
1485 2994 1530 3062 ad
1547 3007 1580 3065 te
1596 2993 1871 3086 praefationem,
1895 2989 2137 3064 Reverendis-

94 3102 265 3182 numine,
298 3112 360 3170 aut
382 3099 413 3168 si
438 3109 489 3166 est
511 3095 689 3186 privatus,
724 3093 906 3163 licentiam
930 3116 965 3162 se
989 3109 1091 3186 putat
1142 3093 1230 3162 sime
1251 3089 1424 3176 Domine,
1457 3097 1599 3188 scripsi,
1625 3109 1684 3180 ut,
1714 3120 1795 3166 cum
1818 3119 1916 3164 nunc
1938 3089 2134 3162 Ecclesiam

95 3204 263 3286 ludendi,
288 3215 329 3272 ut
347 3196 581 3270 Grammatici
603 3199 735 3266 ludunt
759 3195 937 3285 allegoriis
954 3195 1090 3268 Home·
1142 3197 1333 3286 gubernes,
1356 3211 1389 3266 et
1412 3199 1529 3269 studia
1554 3199 1735 3268 literarum
1757 3221 1870 3279 ames,
1903 3197 1950 3266 sis
1974 3191 2137 3265 hortator

94 3307 188 3380 rieis.
212 3295 368 3374 'Lector
381 3300 483 3371 rudis
496 3299 594 3368 videt
610 3293 695 3368 haec
709 3298 785 3368 sine
800 3299 992 3395 interprete
1008 3327 1088 3373 eru·
1141 3298 1365 3391 principibus
1388 3299 1492 3385 viris,
1517 3314 1558 3370 ut
1580 3301 1697 3371 studia
1718 3301 1881 3384 foveant,
1908 3311 1942 3367 et
1964 3297 2068 3367 bonis
2091 3296 2137 3364 li-

95 3411 168 3481 dito
186 3429 262 3476 non
275 3403 438 3493 intelligi.
479 3399 519 3472 Si
535 3401 643 3491 igitur
666 3402 906 3472 enarrationes
921 3407 1089 3490 conferet,
1141 3401 1216 3470 bris
1230 3401 1470 3491 posteritatem
1490 3403 1622 3474 instrui
1639 3416 1780 3488 curent,
1807 3427 1845 3472 ac
1865 3401 2053 3490 diligenter
2078 3423 2136 3468 ca-

93 3521 259 3602 agnoscet
275 3505 524 3578 dexterrimam
539 3527 612 3572 esse
626 3527 722 3588 eam,
748 3527 837 3596 quae
853 3505 891 3574 in
907 3503 975 3578 hoc
992 3533 1088 3577 com·
1141 3517 1265 3588 veant,
1292 3527 1337 3572 nc
1352 3505 1487 3586 futilia,
1510 3507 1596 3576 falsa
1621 3517 1653 3575 et
1674 3507 1849 3576 contraria
1864 3504 1992 3594 scripta
2010 3499 2136 3570 Pasto-

93 3609 269 3684 mentario
302 3608 475 3692 traditur,
522 3605 688 3676 videlicet
719 3601 836 3674 Deum
867 3623 1087 3679 servaturum
1141 3629 1197 3674 res
1222 3607 1351 3694 legant.
1403 3605 1455 3676 Ea
1473 3631 1527 3675 res
1553 3609 1721 3676 omnibus
1742 3607 1916 3676 aetatibus
1931 3603 2135 3694 dissipatio-

93 3739 167 3786 esse
192 3709 505 3805 gentisreliquias3
532 3709 592 3778 sed
618 3721 738 3778 tamen
752 3707 866 3778 deleta
889 3713 981 3800 regia
1000 3712 1089 3780 civi·
1140 3731 1203 3776 nes
1226 3705 1464 3777 Ecclesiarum
1487 3709 1633 3800 peperit.
1692 3705 1964 3800 Amplectamur
1984 3721 2134 3784 autores,

93 3831 183 3903 tate,
205 3817 334 3896 idest,
357 3812 497 3883 sublato
523 3833 653 3898 regno,
679 3809 847 3900 dissipata
865 3825 900 3880 et
921 3815 959 3882 in
976 3815 1089 3882 servi·
1140 3833 1292 3903 quorum
1315 3811 1463 3900 probata
1488 3825 1538 3880 est
1564 3812 1668 3896 fides,
1700 3813 1819 3906 etqui
1842 3835 1897 3879 res
1922 3808 2134 3878 necessarias
2189 3841 2195 3856 .

93 3934 206 3990 tutem
228 3919 368 3986 redacta
391 3915 513 4006 plebe,
538 3927 579 3982 ut
601 3935 696 3982 nunc
720 3911 785 3981 sub
801 3911 929 3983 Turris
953 3930 987 3984 et
1008 3916 1087 3984 aliis
1139 3935 1222 3980 vere
1243 3925 1276 3980 et
1300 3912 1403 4001 plane
1425 3937 1498 3982 uno
1520 3915 1647 4004 spiritu
1670 3927 1701 3982 et
1722 3939 1792 3984 una
1809 3937 1892 3982 voce
1909 3913 2073 3992 tradunt,
2099 3923 2135 3978 et

93 4020 255 4116 tyrannis
280 4031 364 4088 sunt
385 4013 564 4086 Ecclesiae
584 4035 773 4106 oppressae
794 4017 887 4086 tristi
907 4017 1086 4089 servitute.
1140 4015 1280 4084 eosdem
1295 4037 1397 4106 saepe
1414 4016 1637 4110 multumque
1654 4017 1781 4105 legant.
1836 4014 2068 4082 Verissimum
2084 4025 2134 4080 est

93 4121 169 4192 lam
191 4143 271 4192 cum
296 4120 405 4190 verba
429 4131 591 4188 enarrata
614 4117 704 4201 sint,
743 4129 851 4188 totam
877 4120 1085 4189 sententiam
1140 4117 1236 4186 enim
1270 4131 1371 4187 vetus
1406 4117 1497 4186 illud
1530 4121 1681 4202 dictum,
1730 4119 1974 4206 indagandum
2004 4115 2134 4183 animis

90 4225 211 4294 animo
228 4237 355 4315 repete,
371 4233 406 4291 et
421 4221 534 4312 cogita
549 4243 657 4314 quam
675 4219 805 4288 multas
821 4234 856 4290 et
871 4245 1015 4311 magnas
1030 4245 1087 4292 res
1139 4219 1301 4289 omnium
1334 4221 1592 4305 studiosorum,
1626 4221 1722 4313 quod
1755 4217 1917 4310 Epicteto
1953 4218 2132 4287 tribuunt:

92 4325 282 4398 contineat.
331 4321 399 4408 Et,
426 4324 455 4392 si
472 4323 649 4392 veteribus
669 4335 731 4392 aut
744 4323 945 4392 domesticis
970 4349 1087 4394 exem·
1139 4317 1276 4394 εἰδέναι
1302 4316 1376 4418 χρὴ
1401 4317 1457 4393 ὅτι
1485 4319 1530 4393 οὐ
1552 4315 1683 4414 &aldrov
1704 4315 1829 4421 δόγμα
1852 4315 2134 4419 παραγενέσθαι

90 4430 158 4520 plis
184 4451 259 4498 non
286 4426 459 4510 moveris,
495 4423 721 4495 Pannoniam
748 4424 902 4496 vicinam
937 4427 1087 4496 intuere.
1142 4416 1357 4520 ἀνθρώπῳ,
1382 4425 1412 4494 sl
1434 4419 1487 4518 μὴ
1510 4421 1604 4496 καθ’
1625 4415 1785 4518 ἑκάστην
1799 4419 1943 4518 ἡμέραν
1965 4417 2012 4494 τὰ
2035 4415 2132 4493 αὐτὰ

91 4530 184 4601 Vere
213 4530 376 4600 irascitur
400 4525 497 4598 Deus
530 4541 565 4598 et
590 4527 678 4596 meis
705 4541 740 4596 et
767 4527 836 4596 tuis
865 4541 900 4598 et
925 4531 1086 4600 omnium
1139 4522 1203 4598 καὶ
1227 4524 1314 4626 λέγῃ
1337 4553 1391 4608 τις
1415 4522 1479 4598 καὶ
1499 4521 1616 4619 ἀκούῃ
1640 4522 1703 4598 καὶ
1717 4524 1797 4620 ἅμα
1808 4529 1934 4622 χρῶτα
1952 4519 2044 4624 πρὸς
2064 4519 2132 4595 τὸν

90 4632 258 4724 peccatis,
291 4655 331 4700 ac
351 4631 542 4715 deliberat,
568 4653 614 4699 an
639 4653 704 4700 nos
726 4630 889 4700 funditus
906 4631 1085 4701 deleturus
1137 4624 1238 4722 βίον.
1292 4630 1374 4701 Scio
1394 4643 1532 4716 autem,
1557 4644 1591 4700 te
1614 4655 1754 4724 quoque
1775 4630 1814 4697 in
1832 4630 1982 4698 lectione
2005 4627 2130 4698 talium

91 4737 152 4821 sit,
178 4747 220 4805 ut
240 4746 423 4803 merentur
445 4745 566 4804 nostra
589 4745 739 4824 peccata.
790 4729 859 4801 Hic
875 4733 1002 4803 clamat
1015 4730 1086 4803 Ec·
1137 4728 1416 4802 Enarrationum
1432 4734 1470 4800 in
1487 4733 1612 4825 primis
1625 4733 1919 4825 acquiescere„et
1936 4726 2002 4801 hac
2017 4729 2131 4798 medi-

90 4837 210 4908 clesia:
248 4833 424 4920 Domine,
460 4859 506 4904 ne
532 4835 571 4902 in
598 4836 718 4904 furore
751 4847 813 4904 tuo
847 4857 972 4924 arguas
1008 4842 1087 4910 nos?
1137 4836 1271 4905 tatione
1294 4835 1554 4928 invocationem
1579 4839 1635 4904 dci
1659 4837 1868 4920 accendere,
1900 4831 2060 4925 Eamque
2083 4831 2129 4900 ob

91 4935 196 5009 Item:
248 4938 288 5006 in
315 4937 367 5007 ira
394 4951 455 5007 tua
485 4935 748 5005 misericordiae
771 4949 852 5007 tuae
874 4939 1083 5009 recorderis.
1137 4961 1277 5007 causam
1301 4934 1392 5007 mihi
1417 4935 1578 5009 hortator
1597 4939 1665 5008 fnit
1683 4930 1867 5031 Georgius
1883 4931 2017 5003 Helius
2039 4931 2130 5002 For-

89 5037 142 5112 Ne
157 5041 267 5131 igitur
282 5040 321 5109 in
337 5039 438 5110 terris
452 5038 583 5108 noticia
598 5037 667 5107 Dei
681 5063 826 5130 prorsus
843 5040 1083 5130 extinguatur,
1137 5033 1295 5110 chemius
1325 5055 1358 5109 et
1386 5042 1514 5111 edendi
1536 5037 1627 5111 hanc
1658 5041 1940 5111 lucubrationem
1969 5050 2003 5106 et
2025 5036 2069 5104 ad
2095 5048 2129 5104 te

89 5143 198 5214 vincit
213 5135 473 5225 misericordia,
498 5139 722 5232 recipiuntur
736 5141 907 5236 reliquiae
930 5157 964 5213 et
985 5145 1082 5212 miti·
1110 5087 1114 5206 l
1136 5143 1311 5216 mittendi.
1363 5139 1508 5214 Fruaris
1529 5145 1638 5234 igitur
1654 5139 1721 5213 hoc
1742 5165 1908 5225 munere,
1933 5153 1968 5208 et
1982 5137 2128 5207 lectioni

89 5259 216 5335 gantur
242 5269 387 5338 poenae.
446 5242 517 5314 Sed
550 5243 693 5314 interim
725 5245 831 5312 urbes
864 5259 1080 5327 evertuntur,
1109 5245 1212 5335 lpias
1227 5269 1347 5336 preces
1363 5247 1519 5320 misceto.
1572 5245 1673 5317 Sicut
1687 5243 1743 5315 hic
1761 5245 1834 5336 ipse
1849 5238 2024 5334 Propheta
2041 5253 2130 5334 orat,

88 5347 153 5418 llos
175 5349 305 5418 civium
330 5345 559 5430 interficitur,
586 5345 793 5437 disciplina,
822 5347 938 5418 studia
960 5347 1081 5418 litera·
1109 5381 1111 5421 ;
1134 5361 1175 5418 ut
1192 5347 1286 5418 inter
1302 5361 1416 5418 tantas
1433 5348 1663 5439 imperiorum
1683 5349 1805 5416 ruinas
1821 5361 1855 5416 et
1868 5343 2056 5416 hominum
2071 5343 2129 5412 to-

88 5473 186 5538 rum,
212 5451 343 5522 iudicia
368 5462 402 5520 et
426 5448 539 5520 multa
559 5460 767 5532 ornamenta
789 5449 907 5520 civilia
932 5449 1078 5520 abulen·
1108 5429 1111 5466 ¹
1135 5474 1250 5536 rores,
1275 5445 1452 5522 Ecclesiae
1469 5449 1555 5538 Dei,
1587 5449 1823 5520 ministerium
1848 5445 2056 5538 Evangelii,
2083 5446 2128 5513 li-
