4654 5804
89 293 159 368 609
621 218 1099 368 ,ΕΡΙέΤΟΕΑΒΰΜ
1151 285 1260 365 LfB.
1291 285 1355 368 tx.
1394 217 1540 363 1545.
1689 303 1694 306 ·
2041 291 2116 364 610

88 459 278 538 Concilium
306 461 502 535 Nicaenum
532 458 695 534 condidit
725 459 827 554 pium
854 469 889 529 et
915 457 1068 528 salutare
1120 458 1317 548 Videlicet,
1352 461 1447 555 quod
1476 457 1710 557 certissima‘)
1739 462 1867 535 veritas
1891 463 1955 550 sit,
1985 484 2108 532 omnes

89 567 298 663 symbolum,
331 569 374 634 ad
397 565 621 634 retinendam
645 587 772 654 puram
791 559 981 649 Evangelii
1002 559 1087 626 doss'
1119 557 1282 632 homines
1316 574 1361 632 'ex
1402 561 1499 630 virili
1538 563 1671 631 semine
1705 577 1911 656 conceptos,
1943 587 2108 634 -nascen-

90 667 231 740 ctrinam
249 669 293 736 de
306 667 380 735 filio
388 665 467 738 Dei.
475 662 578 750 futei
594 679 711 736 autem
729 663 767 732 in
778 661 934 756 Synodis
946 683 1068 730 recen·
1120 677 1170 734 tes
1189 657 1333 733 adferre
1345 661 1461 732 secum
1482 677 1663 753 peccaturo
1679 664 1844 754 originis,
1868 691 1908 736 ac
1924 679 2106 758 propterea

90 772 171 842 tium
191 783 409 858 temporum,
432 759 473 838 et'
484 762 590 836 huius
605 766 750 836 ultimae
768 777 926 833 senectae
941 760 1069 830 mundi
1119 787 1243 835 omnes
1258 759 1436 849 homines,
1462 764 1525 856 qui
1542 789 1616 834 non
1631 767 1841 838 adferuntur
1856 767 1901 836 ad
1916 763 2109 852 Christum,

90 893 183 962 caepe
207 881 360 940 tentatae
388 881 472 938 sunt
495 867 778 951 reformationes,
811 879 930 935 tamen
957 863 996 931 in
1020 862 1070 930 eis
1121 879 1157 936 et
1173 889 1246 936 non
1263 861 1515 956 regenerantur
1536 889 1600 957 per
1620 867 1834 958 baptismum
1851 863 1901 962 ⁸),
1925 872 2109 940 damnatos

88 975 205 1062 exigua
220 971 354 1040 mentio
370 971 458 1040 facta
475 981 526 1039 est
540 967 722 1038 doctrinae
738 965 963 1050 necessariae,
987 979 1068 1034 cum
1121 991 1213 1054 esse,
1231 991 1428 1038 remanere
1442 967 1605 1037 reosirae
1619 965 1687 1036 Dei
1701 981 1873 1044 aeternae,

88 1073 307 1144 manifestum
330 1071 376 1142 sit
395 1071 527 1142 rn'ultos
554 1071 684 1140 abusus
710 1067 909 1162 irrepsisse,
940 1064 1071 1161 quibus
1222 1066 1322 1142 ltem.
1373 1067 1531 1138 Infantes
1552 1069 1782 1159 baptizandos
1808 1085 1900 1156 esse,
1925 1083 1960 1142 ct
1984 1091 2107 1139 eorum

89 1173 269 1262 Evangelii
286 1173 348 1243 lux
361 1173 545 1242 obscurata
560 1172 640 1244 fuit.
1013 1163 1016 1170 ’
1121 1169 1337 1262 baptismum
1355 1170 1492 1261 placere
1513 1166 1607 1256 Deo,
1633 1183 1669 1241 et
1689 1171 1861 1241 efficacem
1884 1196 1975 1252 esse,
1998 1195 2038 1240 ac
2054 1193 2111 1238 re-

171 1273 363 1368 Postquam
381 1285 497 1344 autem
513 1273 714 1342 defensores
731 1269 877 1364 quidam
893 1269 1069 1338 abusuum
1121 1272 1192 1364 cipi
1208 1295 1267 1340 eos
1282 1271 1321 1340 in
1338 1270 1503 1361 gratiam,
1530 1272 1658 1340 donari
1673 1271 1810 1364 Spiritu
1823 1272 1861 1349 S.
1878 1288 1914 1348 et
1935 1271 2012 1343 lieri
2027 1268 2111 1342 hae-

91 1393 166 1449 antc
186 1399 300 1445 annos
325 1376 397 1444 fere
419 1373 563 1464 triginta
588 1371 809 1443 occasionem
833 1371 1073 1462 praebuerunt
1122 1375 1222 1443 redes
1236 1375 1329 1442 vitae
1345 1385 1507 1442 aeternae
1520 1395 1583 1463 per
1599 1373 1823 1464 baptismum.

91 1479 227 1550 taxandi
253 1499 410 1557 errores,
442 1475 634 1546 clementer
654 1469 751 1542 Deus
772 1471 812 1540 in
839 1467 905 1540 hac
928 1467 1072 1561 opinio·
1224 1471 1326 1548 Item.
1376 1471 1564 1544 Peccatum
1588 1474 1735 1564 originis
1752 1499 1826 1546 esse
1844 1476 2037 1548 carentiam
2054 1475 2110 1546 iu.

91 1605 172 1652 num
206 1579 396 1650 collatione
426 1575 580 1646 restituit
612 1571 799 1664 Evangelii
831 1573 947 1642 lucem
965 1566 1001 1667 ⁸)
1032 1569 1072 1638 in
1123 1574 1237 1646 stitiae
1260 1575 1460 1665 originalis,
1493 1597 1583 1668 quae
1609 1575 1759 1648 debehat
1780 1577 1905 1653 inesse.
1956 1575 2005 1648 Et
2025 1573 2111 1647 haee

15 1755 17 1762 ,
92 1682 253 1752 omnibus
276 1679 454 1762 articulis,
483 1677 688 1748 necessariis
714 1678 758 1744 ad
788 1674 936 1744 salutem
960 1684 1073 1740 aeter·
1123 1677 1279 1748 carentia
1301 1691 1351 1747 est
1368 1689 1504 1762 reatus,
1527 1687 1563 1746 et
1578 1677 1781 1768 depravatio
1795 1679 1927 1751 virium
1945 1676 2111 1764 hominis,

92 1807 188 1863 nam,
214 1785 259 1852 de
280 1781 410 1874 quibus
431 1774 656 1848 exhibuimus
674 1775 859 1846 Caesareae
881 1773 970 1847 Mai.
988 1796 1074 1842 con·
1124 1779 1256 1849 scilicet
1278 1777 1425 1864 mentis,
1447 1777 1639 1849 voluntatis
1665 1791 1700 1849 et
1723 1781 1857 1866 cordis,
1882 1784 1977 1875 quod
1992 1775 2022 1872 9)
2047 1807 2111 1851 νο-

90 1886 273 1956 fossionem
295 1885 473 1970 Augustae
498 1903 592 1950 anuo
620 1877 753 1952 1530..
778 1875 821 1946 ln
844 1899 914 1968 qua
936 1875 1074 1943 coufes-
1124 1880 1242 1950 luntas
1267 1903 1386 1949 aversa
1409 1891 1460 1949 est
1480 1903 1499 1948 a
1517 1875 1611 1960 Deo,
1636 1893 1670 1950 et
1694 1880 1733 1948 in
1747 1881 1929 1955 voluntate
1951 1897 1984 1954 et
2007 1887 2111 1952 corde

94 1989 184 2057 sione
219 1983 403 2054 doctrinae
436 1979 513 2052 Deo
547 1981 710 2064 iuvante,
755 1976 1074 2068 perseverabimus,
1125 1996 1178 2052 est
1200 2005 1308 2072 prava
1330 1980 1514 2050 inclinatio
1533 1981 1836 2074 adversuslegem
1855 1982 1943 2071 Dei,
1967 2001 2113 2078 propter

95 2090 178 2158 sicut
195 2085 256 2154 illa
274 2087 394 2154 dextre
416 2097 450 2153 et
473 2083 550 2152 sine
571 2083 822 2173 depravatione
844 2078 1074 2168 intelligenda
1126 2107 1215 2176 qnae
1229 2083 1334 2166 mala,
1354 2081 1516 2152 videlicet
1531 2095 1676 2176 propter
1692 2097 1827 2154 reatum
1841 2097 1876 2154 et
1892 2087 2111 2156 aversionem

95 2203 152 2273 est,
177 2187 264 2259 etin
278 2177 829 2270 Ecclesitsnoscri'sintelligitur.
878 2177 1074 2250 Nouenim
1125 2185 1225 2253 illam
1256 2208 1276 2254 a
1304 2181 1400 2267 Deo,
1433 2207 1474 2252 ac
1503 2185 1790 2274 depravationem
1818 2187 1970 2270 virium,
2004 2183 2111 2258 homo

94 2277 292 2360 dubitamus
318 2287 416 2356 illam
446 2286 645 2356 doctrinam
672 2297 873 2353 nostrarum
897 2277 1074 2352 Ecclesia·
1125 2287 1312 2355 damnatus
1333 2298 1404 2369 est,
1430 2283 1497 2354 nisi
1511 2285 1683 2355 liberetur
1699 2309 1761 2376 per
1775 2290 2087 2376 regenerationem.

15 2387 17 2398 '
95 2417 168 2462 rum
191 2403 288 2458 certo
310 2411 383 2456 esse
393 2381 425 2483 ⁶)
449 2387 606 2472 unicam,
628 2382 825 2466 aeternam,
850 2381 1075 2450 consentieu-
1227 2385 1322 2456 Haec
1345 2386 1518 2458 sententia
1537 2385 1613 2456 siue
1634 2389 1708 2456 ulla
1732 2389 1953 2461 dubitatione
1976 2415 2113 2483 semper

95 2507 159 2563 tem
175 2491 374 2561 doctrinam
393 2513 493 2557 verae
516 2503 550 2559 et
572 2482 763 2558 catholicae
779 2480 955 2553 Ecclesiae
970 2477 1075 2552 Chri·
1125 2489 1195 2559 soit
1213 2483 1405 2557 catholicae
1421 2482 1598 2557 Ecclesiae
1614 2485 1692 2573 Dei,
1716 2486 1987 2581 Prophetarum,
2014 2493 2113 2585 Apo.

97 2595 152 2678 sti,
184 2583 350 2664 traditam
378 2613 442 2681 per
462 2584 676 2680 Prophetas,
702 2581 892 2656 ,Christum
919 2596 954 2652 et
976 2578 1076 2672 Apo-
1126 2591 1300 2660 stolorum
1326 2603 1361 2658 ct
1383 2589 1594 2678 scriptorum
1607 2584 1936 2664 Ecclesiasticorum
1961 2605 2112 2665 cousen-

96 2697 216 2780 stolos,
242 2707 278 2762 et
293 2705 543 2780 congruentem
559 2713 639 2759 cum
659 2685 846 2781 symbolis,
870 2681 1075 2774 Aposioiim
1126 2693 1220 2761 tiens
1243 2691 1425 2774 doctrina,
1457 2689 1617 2760 detristi
1647 2703 1681 2762 et
1708 2694 1927 2784 deplorando
1955 2698 2113 2783 vulnere,

97 2811 127 2866 et
143 2795 315 2877 Nicaeno,
340 2807 373 2863 ct
388 2793 565 2863 veteribus
579 2790 645 2880 piis
662 2787 829 2884 Synodis,
856 2798 890 2856 et
904 2784 1076 2854 sententia
1127 2794 1223 2886 quod
1242 2786 1399 2860 humana
1419 2803 1543 2860 natura
1559 2793 1690 2883 accepit
1706 2793 1744 2862 in
1760 2795 1861 2887 lapsu
1875 2791 1986 2870 Adae.

95 2898 215 2968 veteris
233 2909 270 2966 et
286 2893 439 2986 purioris
454 2889 642 2965 Ecclesiae.
1228 2889 1337 2981 Quod
1350 2913 1434 2960 vero
1450 2891 1564 2985 aliqui
1578 2893 1785 2966 labefactare
1799 2911 1957 2969 nostram
1973 2913 2115 2972 senteu-

191 2998 313 3086 Quare
332 3009 364 3066 et
379 2994 613 3064 necessarium
637 3014 709 3061 esse
724 2989 906 3074 ducimus,
930 2987 975 3056 ad
1000 2985 1078 3074 glo·
1127 2993 1213 3064 tiam
1233 2994 1273 3062 in
1293 2988 1361 3062 hoc
1376 2991 1525 3062 articulo
1544 2995 1710 3065 audacter
1731 3013 1925 3086 conantur,
1951 3003 2042 3071 male
2062 3006 2115 3073 fa-

96 3101 163 3170 riee
186 3095 257 3170 Dei
279 3097 569 3178 iilustraiifflteffl,
594 3096 640 3164 ad
663 3115 782 3162 veram
807 3089 1078 3172 invocationem,
1128 3096 1246 3180 ciunt,
1268 3119 1308 3164 ac
1324 3095 1529 3163 manifestae
1545 3095 1683 3166 veritati
1696 3101 1957 3180 contradicunt,
1981 3117 2015 3174 et
2029 3129 2115 3174 cou-

97 3204 135 3270 ad
151 3203 299 3272 salutern
314 3199 551 3289 plurimorum
566 3191 774 3278 hominurn,
797 3181 841 3265 ad
858 3191 1076 3260 excitandam
1127 3197 1270 3266 firmant
1285 3197 1445 3266 tenebras
1464 3195 1503 3263 in
1517 3197 1710 3267 multorum
1723 3201 1916 3288 mentibus,
1942 3212 1991 3274 ne'
2005 3227 2116 3294 agno-
2142 3231 2148 3238 ·

98 3318 128 3374 et
148 3301 425 3373 confirmandam
448 3321 567 3370 veram
589 3298 716 3379 iidem,
738 3307 772 3364 et
795 3316 914 3362 veram
933 3291 1078 3359 invoce—
1128 3311 1226 3368 scant
1240 3297 1325 3390 qnid
1343 3297 1388 3368 sit
1406 3310 1612 3387 peccatum,¹
1634 3322 1701 3369 nec
1717 3301 1853 3373 discent
1869 3305 1957 3397 quid
1972 3307 2017 3378 sit
2035 3331 2114 3397 gra-

97 3407 224 3475 tionem
248 3403 287 3470 in
310 3399 478 3493 posteris,
503 3412 543 3470 ut
564 3395 737 3468 sententia
752 3393 934 3464 doctrinae
948 3413 1078 3461 sonans
1128 3400 1178 3468 tia
1194 3411 1228 3467 et
1243 3400 1342 3471 fides.
1393 3397 1483 3468 Nom
1502 3422 1542 3467 ex
1558 3399 1619 3468 illa
1635 3403 1818 3472 aversione
1835 3402 1964 3490 aDeo,
1990 3411 2115 3478 orion.

98 3508 134 3576 in
154 3503 320 3576 Ecclesiis
342 3503 489 3584 nostris,
522 3493 774 3588 comprehensa
796 3495 835 3564 in
861 3493 1080 3564 confessione
1128 3513 1188 3570 rur
1205 3495 1290 3570 haee
1305 3499 1463 3590 ingentio
1480 3499 1571 3568 mala
1588 3499 1626 3568 in
1645 3496 1808 3572 humanis
1824 3509 2021 3592 mentibus,
2048 3515 2114 3582 du.

97 3621 211 3677 nostra
246 3619 281 3676 ei
305 3598 553 3684 catechismi&
586 3597 810 3668 c⁰¹¹⁰⁰rdiier
841 3595 881 3664 in
913 3595 1080 3664 omnibus
1128 3601 1253 3694 bitatip
1268 3603 1312 3670 de
1327 3601 1510 3670 voluntate
1524 3597 1604 3685 Dei,
1632 3603 1799 3674 securitas
1814 3609 1977 3692 carnalis,
1997 3611 2130 3701 negle:

98 3705 260 3778 Ecclesiis
275 3705 406 3798 populo
427 3705 588 3778 tradatur
605 3715 639 3771 et
660 3709 891 3790 propagetur,
915 3694 1081 3765 videlicet
1129 3700 1288 3782 etioDei,
1306 3724 1379 3770 esse
1393 3701 1468 3770 sine
1484 3714 1582 3772 metu
1597 3705 1723 3774 etsine
1739 3706 2017 3796 dileetiooeDei‚
2041 3737 2116 3782 mr.

99 3813 139 3880 de
153 3809 320 3880 omnibus
335 3805 508 3889 articulis,
530 3803 620 3872 sicut
639 3801 677 3869 in
694 3799 857 3892 symbolo
873 3793 1080 3888 Apostolico
1128 3804 1180 3893 gis
1197 3803 1371 3873 confidere
1395 3801 1579 3893 praesidiis
1598 3807 1842 3895 praesenribus
1858 3835 1947 3904 quae
1964 3835 2117 3884 cernuo.

99 3910 301 3982 etNicaeno
326 3901 570 3997 comprehensi
593 3916 627 3972 ct
648 3899 785 3970 recitati
807 3911 908 3983 sunt,
934 3909 969 3966 et
991 3896 1082 3965 sicut
1129 3918 1207 3989 cur,
1237 3927 1341 3996 quam
1362 3903 1537 3972 confidere
1552 3901 1641 3979 Deo.
1692 3905 1891 3980 Fatendum
1915 3925 1966 3982 est
1989 3928 2116 4002 antem,

100 4013 151 4082 illi
165 4013 231 4106 ipsi
248 4009 388 4080 articuli
403 4009 442 4075 in
458 4005 634 4078 veteribus
648 4002 717 4094 piis
730 4000 897 4095 Synodis,
915 3996 1082 4080 Nicaena,
1130 4001 1215 4075 hoec
1232 4004 1387 4093 ingentia
1400 4003 1491 4073 mala
1501 4028 1582 4073 vere
1595 4027 1667 4075 esse
1681 4023 1831 4098 peccata.
1847 4009 2116 4104 vEtrepuguan-

99 4109 498 4206 Constautinopolitana,
523 4101 719 4198 Ephesina,
741 4117 774 4172 et
789 4097 1083 4183 Chalcedonensi,
1131 4108 1216 4176 dum
1240 4118 1291 4175 ese
1315 4100 1372 4173 his
1401 4105 1536 4174 morbis
1560 4107 1780 4196 animorum,
1814 4115 1910 4204 quod
1937 4115 2011 4184 fieri
2041 4142 2115 4188 non

100 4229 186 4287 recte
203 4229 238 4286 et
253 4211 446 4282 necessaria
464 4207 686 4278 enarratione
704 4202 870 4273 illustrati
888 4214 981 4273 sunt.
1131 4221 1257 4300 potest,
1278 4208 1461 4278 obscurata
1474 4231 1557 4277 vera
1571 4209 1785 4281 doctrinade
1803 4229 1942 4302 peccato
1957 4218 2115 4306 originis.

196 4313 245 4388 Et
261 4317 304 4386 ad
324 4311 573 4400 intelligendos
591 4305 760 4376 articulos
776 4301 1019 4398 symbolorum
1038 4300 1083 4370 de
1231 4306 1401 4402 Sequitur
1415 4307 1543 4378 deinde
1556 4310 1725 4381 articulos
1739 4313 1783 4394 de
1797 4317 1928 4403 gratia,
1952 4321 2045 4390 etde
2061 4345 2117 4390 re.

102 4413 238 4488 Christo
261 4431 295 4486 et
316 4416 359 4483 de
381 4411 561 4481 immensis
580 4407 777 4488 benefitiis,
803 4427 892 4497 quae
907 4399 1082 4472 Ecclesisse
1131 4409 1299 4482 missione
1319 4425 1560 4501 peccatorum,
1585 4411 1746 4484 videlicet
1761 4418 1930 4510 consequi
1952 4413 2116 4494 homiues

104 4535 241 4612 propter
261 4512 445 4587 Christum
472 4513 625 4594 dantur,
654 4507 850 4576 necessaria
871 4517 922 4574 est
944 4517 979 4574 et
999 4503 1084 4572 reli·
1131 4511 1375 4581 remissionem
1403 4523 1645 4600 peccatorum,
1677 4515 1841 4604 gratiam,
1876 4533 1911 4589 et
1941 4518 2115 4612 Spiritum

104 4644 249 4712 quorum
269 4615 499 4712 articulorum
515 4635 597 4682 vera
618 4609 792 4699 cognitio,
821 4606 885 4700 qui
898 4625 1085 4675 recensen-
1132 4611 1170 4686 S.
1186 4635 1248 4682 scu
1264 4612 1504 4698 reconciliari,
1528 4617 1684 4704 reputari
1706 4617 1817 4697 iustos
1841 4631 1875 4688 et
1896 4620 1971 4691 fieri
1995 4619 2117 4696 haere-

106 4733 159 4790 tur
175 4723 211 4790 in
226 4718 464 4799 confessione,
489 4717 533 4783 de
548 4725 689 4804 peccato
707 4709 873 4799 originis,
898 4709 942 4776 de
963 4705 1086 4797 gratie,
1133 4715 1195 4784 des
1214 4713 1307 4782 vitae
1331 4726 1510 4795 aeternae,
1543 4739 1619 4786 non
1641 4731 1786 4810 propter
1808 4722 1933 4792 merita
1954 4729 2118 4816 proprio-

104 4822 145 4891 de
167 4823 255 4909 fide,
288 4823 332 4891 de
358 4817 463 4890 bonis
489 4814 676 4908 operibus,
710 4812 814 4884 etde
839 4807 1085 4912 Sacramentis.
1132 4839 1213 4886 rum
1231 4812 1273 4910 ¹⁰)
1297 4838 1465 4906 operum,
1498 4818 1558 4886 sed
1588 4831 1733 4911 propter
1760 4821 1988 4894 mediatorem
2010 4823 2117 4897 Chri.

1133 4931 1246 5002 stum,
1272 4917 1340 4985 fide
1354 4917 1393 4986 in
1408 4917 1535 5009 ipsum.

106 5022 321 5042 “m

1137 5091 1350 5108 mnu-w

137 5155 282 5224 ⁵)1‘1m'i
299 5155 363 5209 ¹³²²·
384 5153 557 5207 ‘¹⁰⁶¹'im'n‘
1166 5175 1195 5244 7)
1215 5176 1386 5243 ecru'esa‘ma]
1404 5175 1468 5230 Per.
1483 5176 1650 5231 curretiam.

138 5223 1085 5370 l,eleusi-,leterii,lde:slllsiltllluftlzalell:
1168 5263 1196 5329 ⁸>
1215 5261 1398 5328 ueterum]
1411 5261 1481 5316 eez-
1495 5259 1782 5361 sirenosum.

169 5377 216 5430 cit:
235 5381 269 5429 de
282 5376 378 5444 qulbus
391 5373 513 5426 exfodito
526 5378 568 5422 est
585 5367 663 5422 Caes.
676 5361 821 5416 Maiestati
830 5360 968 5430 consessio
978 5363 1083 5414 doctri·
1168 5343 1197 5412 9)
1216 5345 1303 5413 ΨΜ]
1322 5341 1385 5399 ¹²²²·
1410 5343 1485 5398 Nam
1497 5361 1526 5397 Ψ
1538 5353 1632 5399 '¹¹²1th
1644 5354 1689 5398 08²
1700 5347 1788 5414 ‘alteo
1801 5349 1836 5402 de
1847 5347 1926 5414 De05
1944 5359 1980 5406 et.

170 5459 223 5497 noe
230 5447 375 5512 Augustae
388 5439 468 5496 oona
481 5437 566 5500 1530..
579 5453 667 5508 quom
679 5449 738 5488 non
750 5430 914 5486 dubitamus
924 5438 1001 5486 certe
1012 5445 1083 5486 esse.
1170 5428 1217 5495 tu)
1234 5429 1433 5494 propriorum]
1455 5425 1517 5482 Per.
1535 5429 1685 5482 bonorum.

111 5517 280 5588 lirearru.
296 5524 402 5588 Orrn.
416 5519 498 5585 voc.
513 5517 555 5581 V.
1277 5499 1327 5574 89
