4654 5804
89 285 160 362 685
670 274 1107 358 EPlSTOLARUM
1155 275 1260 358 tta.
1299 277 1363 358 lt.
1416 275 1548 356 tots.
2035 281 2111 358 6811

1969 403 1984 431 θ’

90 469 183 528 uocet
202 455 295 524 vitae
315 445 505 522 homiuum
532 449 738 544 turpissima
764 451 981 544 religionum
1012 470 1071 522 so-
1121 473 1201 522 cum
1223 447 1367 544 quidem
1389 463 1543 538 constet,
1569 463 1694 543 magna
1716 453 1885 526 beneficis
1911 453 1956 524 ad
1978 453 2110 524 multos

90 555 245 652 phistica,
268 555 312 627 de
327 578 398 647 qua
413 554 570 644 cogitans
587 553 768 646 quotidie,
788 555 968 626 moesticia
984 577 1071 624 con·
1121 574 1162 620 ex
1185 545 1251 622 hac
1278 551 1416 624 ditione
1439 555 1634 647 pervenire.
1685 554 1791 628 Nunc
1806 555 1886 632 talis
1901 553 2009 647 gratia
2026 557 2110 626 red-

89 661 228 730 tabesco.
278 654 428 728 Utinam
452 667 575 726 autem·
591 666 691 726 tanto
715 655 827 726 animi
847 669 978 726 motus
995 656 1069 726 lilio
1121 651 1232 728 ditur.

89 759 148 830 lici
162 755 289 828 horum
305 757 505 847 ingentium
520 757 697 826 malorum
721 750 985 852 ἐπανόρθωσιν
1006 780 1070 850 pc·
2083 839 2086 847 Ι

88 875 153 932 tere
171 883 326 948 possem,
351 871 486 951 quanto
511 858 550 926 in
575 852 759 927 hesternae
775 857 938 928 lectionis
956 854 1070 928 histo·
1220 851 1269 925 Ut
1284 867 1401 926 antem
1424 857 1547 929 civitas
1566 858 1661 931 intus
1676 859 1916 956 tranquillior
1935 859 2000 946 sit,
2034 855 2109 950 pri-

90 964 135 1032 ria
150 976 260 1032 mater
269 958 436 1032 Cananca
450 959 543 1028 filiae
557 953 847 1052 δαιμονιζομένῃ
864 983 965 1050 opem
984 959 1070 1028 ferri
1120 978 1217 1026 mum
1233 960 1443 1028 mandamus
1461 959 1696 1048 severissime,
1714 977 1763 1056 ne
1776 957 1849 1034 sint
1862 964 1901 1032 in
1918 958 2110 1064 Academia

88 1063 176 1154 petit.
225 1059 332 1132 Facio
357 1075 476 1132 tamen
493 1071 572 1128 vota
592 1059 750 1139 assidue,
776 1083 816 1130 ae
835 1073 950 1130 tecum
971 1055 1067 1130 haud
1119 1080 1284 1142 errones,
1310 1060 1372 1151 qui
1389 1057 1535 1133 Rectori
1551 1085 1625 1132 non
1643 1065 1818 1136 dederunt
1842 1087 1995 1148 nomen,
2020 1081 2109 1130 neve

88 1165 207 1244 dubie,
229 1175 263 1234 et
284 1187 362 1232 meo
384 1163 463 1230 loco
484 1161 606 1230 studui
629 1160 857 1236 mediocriter
872 1183 1069 1253 repugnare
1119 1159 1305 1250 quisquam
1330 1161 1478 1252 recipiat
1499 1165 1542 1232 ad
1565 1187 1601 1232 se
1624 1160 1799 1257 hospitem
1814 1168 1994 1256 ignotum,
2018 1182 2110 1232 neve
2183 1247 2187 1256 ¹

88 1259 300 1356 sophisticae.
354 1259 396 1332 ln
412 1286 450 1332 ea
465 1261 739 1347 deliberatione,
765 1285 854 1356 quae
870 1263 913 1332 de
928 1259 1068 1332 Ducum
1118 1255 1327 1332 Scholastiss'
1344 1259 1793 1354 bombardashabeant,ac
1809 1268 1840 1338 si
1856 1291 1962 1362 quem
1977 1261 2108 1334 habere

87 1365 333 1436 Sasonicorum
349 1363 599 1434 controversiis
613 1360 805 1432 Macedoni
821 1363 986 1454 imposita
1008 1376 1069 1448 est,
1117 1359 1351 1430 bombardam
1370 1365 1643 1454 comperiemus,
1665 1362 1761 1438 hunc
1776 1383 1936 1440 notatum
1951 1362 2108 1458 ignomi-

88 1467 145 1538 erit
174 1457 377 1560 κεφάλαιον
408 1457 492 1558 περὶ
521 1457 765 1544 διδασκαλίας
786 1463 1005 1558 ἐκκλησιῶν,
1038 1465 1069 1536 sl
1118 1459 1177 1528 nia
1194 1484 1234 1529 ex
1249 1457 1368 1532 schola
1384 1463 1573 1538 eiiciemus.
1599 1465 1694 1538 Sunt
1707 1469 1818 1564 aliqui
1833 1469 1940 1540 nimis
1953 1467 2109 1538 multum

88 1569 357 1660 συμφωνοῦσαν
385 1559 631 1636 διδασκαλίαν
660 1557 795 1646 πάντες
820 1563 856 1638 οἱ
878 1567 1069 1664 συγγενεῖς
1117 1561 1188 1630 sibi
1203 1561 1445 1652 indulgentes,
1471 1580 1507 1636 et
1521 1565 1571 1636 ita
1581 1569 1757 1656 viventes,
1779 1583 1820 1641 ut
1838 1571 1914 1642 sine
1929 1571 2004 1641 ulla
2020 1589 2107 1638 con-

89 1667 255 1760 ἄυχοντες
272 1659 489 1760 ἐθελήσουσι
506 1658 707 1760 φυλάττειν
723 1665 757 1746 tc
773 1661 841 1740 cisi.
891 1665 987 1736 Deus
1003 1689 1069 1756 gu·
1117 1662 1333 1732 sideratioue
1354 1666 1489 1756 publici
1510 1680 1638 1754 status,
1671 1693 1902 1767 quaecunque
1924 1671 2018 1742 caeci
2038 1668 2108 1738 im-

87 1771 198 1840 bernct
213 1765 306 1838 hanc
322 1767 626 1840 deliberationem.
677 1765 787 1838 Mitto
813 1767 877 1840 tibi
900 1769 1067 1860 pagellas,
1117 1777 1219 1855 petus
1252 1767 1416 1856 rapiunt,
1449 1783 1654 1861 sequantur.
1718 1771 1769 1842 Hi
1800 1797 1901 1867 saepe
1934 1771 2108 1844 tumultus

86 1882 121 1940 ut
145 1884 223 1940 sunt
246 1882 407 1954 nostrae,
445 1867 660 1938 moesticiam
687 1869 821 1947 autoris
843 1892 879 1938 se
904 1870 1067 1942 serentes.
1115 1877 1278 1949 movent,
1305 1880 1338 1936 et
1353 1865 1424 1936 dici
1447 1881 1565 1940 tamen
1589 1865 1730 1943 honesti
1743 1875 1889 1964 volunt,
1914 1875 2109 1954 clamitant,

85 1967 171 2040 Deus
202 1983 366 2042 aeternus
397 1982 497 2060 pater
523 1967 663 2038 domini
688 1971 802 2040 nostri
828 1967 908 2040 lesu
932 1965 1067 2040 Christi
1115 1989 1152 2034 se
1173 1959 1265 2034 nihil
1291 1968 1426 2056 heere,
1450 1972 1546 2062 quod
1570 1971 1685 2044 laedat
1704 1974 1846 2052 lamam.
1897 1975 1998 2066 Quae
2021 1971 2108 2044 haec

85 2086 187 2142 servet
212 2084 245 2142 te
268 2067 502 2144 ethonestiss.
517 2069 703 2158 coniugem
729 2086 845 2157 tuam,
870 2085 905 2143 et
919 2083 998 2142 tttos
1019 2071 1066 2138 li·
1115 2089 1208 2136 nova
1230 2067 1401 2158 sapientia
1425 2083 1495 2150 est,
1526 2095 1606 2142 cum
1632 2075 1827 2166 petulantia
1847 2077 1893 2149 sit
1909 2077 2106 2154 manifesta,

84 2173 176 2243 beros
192 2174 336 2247 dulciss.
351 2186 448 2264 regat
462 2185 584 2242 nostra
599 2172 728 2242 studia.
1115 2181 1234 2236 tamen
1256 2169 1493 2264 qualicunque
1516 2188 1698 2264 praetentu
1720 2179 1894 2252 tumrultus
1919 2175 2108 2248 excessere?

718 2315 801 2390 pm
837 2317 913 2390 Ml
963 2314 1014 2395 th
1113 2266 1236 2338 Bonus
1259 2270 1345 2339 civis
1368 2293 1513 2361 parcere
1536 2275 1641 2345 debet
1665 2279 1827 2368 publicae
1842 2277 2106 2373 tranquillitati,

776 2345 813 2388 ι’
882 2342 961 2390 ²³¹¹
1114 2382 1148 2437 ct
1177 2369 1249 2438 suis
1272 2393 1348 2438 eam
1377 2373 1502 2442 officiis
1526 2377 1636 2460 tueri,
1669 2379 1806 2448 etiamsi
1825 2382 1917 2472 leges
1941 2405 2014 2450 non
2039 2404 2104 2471 pu-

1114 2469 1220 2540 niunt
1251 2471 1371 2541 omnia
1394 2474 1532 2545 delicta.
1590 2475 1630 2547 Si
1651 2479 1731 2570 quis
1751 2481 1790 2549 in
1820 2483 1972 2575 templo,
2001 2483 2107 2553 utin

1113 2573 1585 2662 caupona,·vocileraretur,
1617 2602 1691 2648 non
1712 2581 1816 2652 illurn
1839 2585 1982 2678 quidem
2010 2585 2103 2674 leges

1113 2673 1158 2741 ad
1173 2672 1387 2766 supplicium
1401 2690 1583 2766 raperent,
1608 2681 1669 2748 sed
1683 2684 1714 2750 si
1732 2685 1926 2774 petulantia
1942 2685 2102 2754 animast.

86 2814 143 2884 No.
158 2807 269 2888 3145.

90 2909 251 2938 Μ

921 2825 953 2887 8.
971 2814 1060 2882 Mart.

886 2905 1057 2938 Μ
1113 2876 1248 2964 gandus
1265 2889 1364 2949 esset.
1414 2875 1533 2948 Parcit
1553 2879 1663 2970 igitur
1686 2879 1864 2956 Ecclesiae
1888 2886 1973 2972 Dei,
2000 2883 2103 2956 scho-

1113 2977 1185 3058 lae,
1208 2989 1261 3046 tot
1274 3001 1398 3046 senum
1415 3001 1455 3047 ac
1467 2993 1711 3052 matronarum
1735 2989 2003 3080 tranquillitati,
2030 2989 2104 3058 imo

1114 3076 1235 3146 oeulos
1256 3089 1290 3146 et
1312 3077 1440 3148 iudicia
1456 3076 1525 3149 Dei
1537 3082 1633 3152 inter
1645 3107 1707 3152 vos
1722 3080 1933 3172 habitantis,
1959 3091 2102 3180 piorum

1113 3177 1319 3266 angelorum
1340 3193 1375 3248 et
1395 3181 1555 3252 omniurn
1574 3177 1805 3256 honestorum
1828 3181 2018 3259 hominum
2043 3215 2103 3259 ve-

1114 3279 1283 3365 reamini,
1312 3293 1347 3348 et
1369 3275 1435 3352 hac
1453 3285 1648 3353 reverentia
1670 3281 1833 3360 cohibete
1850 3291 2001 3382 impetus
2024 3291 2103 3359 ani-

1113 3403 1272 3464 morum,
1303 3393 1338 3450 et
1357 3403 1474 3454 mores
1497 3384 1703 3476 diligentius
1726 3391 1846 3482 regite.
1895 3391 1985 3463 Nam
2008 3388 2104 3462 haud

1113 3481 1221 3551 dubie
1249 3477 1346 3551 Deus
1373 3496 1406 3552 et
1440 3487 1582 3556 ornabit
1604 3489 1770 3578 praemiis
1799 3493 2022 3580 obedientes,
2070 3509 2103 3565 et

1114 3596 1336 3654 contumaces
1351 3585 1487 3676 puniet.
1537 3585 1606 3660 Die
1626 3589 1660 3658 8.
1674 3588 1814 3668 Martii.

449 3003 687 3096 Studiosis,

145 3167 252 3240 Scripta
267 3161 375 3238 publica
394 3161 482 3218 head.
502 3161 617 3218 Witeb.
633 3161 667 3219 Τ.
688 3162 709 3217 l.
730 3180 759 3230 p.
779 3161 836 3215 111.
859 3185 896 3200 -
929 3159 994 3216 Esse
1012 3160 1065 3216 bos

174 3235 302 3290 Rectoris
324 3231 444 3286 edictum
466 3249 480 3286 s
500 3229 676 3285 Melautbone
694 3230 881 3300 conscriptum
900 3247 956 3284 non
974 3229 1064 3282 solum

173 3304 259 3375 stylus
277 3300 386 3384 prodit,
408 3301 455 3353 sed
475 3299 633 3354 Melanthea
649 3299 728 3379 etiam
749 3317 777 3352 se
797 3299 938 3371 professus
954 3307 1063 3390 estuan-

175 3382 262 3427 torem
280 3389 309 3424 sss
327 3387 372 3440 ep.
388 3367 512 3424 ιιιιιοιδ.
528 3367 566 3422 sd
579 3365 778 3422 Camerarsum.

122 3521 254 3598 Rector
279 3519 498 3596 Academiae
524 3516 760 3620 Georgius
783 3517 841 3595 M
844 3522 948 3594 aior
970 3519 1026 3598 D.

85 3658 161 3750 Etsi
188 3675 282 3749 nihil
305 3692 356 3749 est
382 3674 558 3746 infirmius
582 3687 617 3744 et
640 3673 801 3762 fragilius
823 3669 979 3744 humana
998 3697 1063 3746 na-

86 3797 174 3866 tura,
214 3794 332 3850 tamen
363 3773 432 3847 hoc
466 3777 573 3846 decus
606 3777 731 3864 ingens
762 3788 796 3846 et
826 3774 1066 3846 inenarrabile

85 3883 337 3970 agnoscendum
352 3891 421 3961 est,
446 3878 543 3970 quod
557 3873 653 3968 Deus
669 3875 737 3944 sibi
752 3889 929 3946 aeternam
939 3871 1063 3946 Eccle-

86 3983 162 4052 siam
184 3980 320 4070 colligit
341 3981 381 4048 iu
401 3999 529 4068 genere
551 3971 727 4060 humano,
763 3989 798 4048 ct
818 3971 902 4046 huic
927 3999 1063 4069 semper

85 4084 243 4154 attribuit¹
260 4083 378 4151 sedem
401 4078 556 4171 aliquam
581 4079 783 4162 doctrinae,
818 4101 881 4148 scu
905 4071 1062 4149 scholam

85 4199 257 4254 sonantem
280 4177 513 4270 Evangeliusn
535 4191 577 4248 et
591 4179 677 4248 alias
699 4173 864 4250 honestas
877 4193 969 4250 artes
992 4177 1082 4254 Ec-.

86 4285 199 4354 clesiae
214 4284 332 4356 utiles.
381 4280 422 4352 si
437 4275 530 4350 hanc
544 4277 613 4349 Dei
628 4279 845 4350 voluntatem
861 4283 1063 4352 considera

1110 4131 1310 4262 Q.
1786 4148 1925 4232 (menate
1943 4153 2052 4233 liert.)

1114 2787 1325 2860 verteretur,
1365 2778 1564 2848 severitatet
1584 2781 1806 2870 magistratus
1834 2787 1970 2856 duriter
1998 2787 2104 2856 casti·
2199 2777 2205 2782 ⁵

1731 4245 2100 4285 W
2252 4259 2260 4270 ¹

85 4407 211 4471 remus,
236 4384 300 4478 qui
320 4405 385 4452 nos
408 4375 474 4452 hoc
492 4383 662 4450 modoad
682 4396 859 4454 aeternam
875 4396 1063 4454 cousuetu-

86 4486 194 4556 dinem
222 4509 321 4556 suam
347 4495 464 4553 vocat:
497 4483 633 4552 maiore
663 4483 782 4552 studio
809 4495 846 4552 et
869 4478 1062 4554 Ecclesiam

85 4581 144 4655 Dei
160 4601 194 4658 et
208 4583 408 4656 scholarum
423 4583 602 4654 domicilia
616 4607 882 4669 veneraremur,
906 4599 947 4656 ut
970 4598 1065 4656 certe

86 4685 154 4756 tert
167 4689 319 4759 deberet
368 4683 439 4756 Sed
461 4708 597 4776 semper
617 4685 780 4756 diabolus
800 4685 884 4756 odio
908 4686 974 4756 lilii
994 4684 1062 4756 Dei

86 4789 200 4860 excitat
219 4784 380 4858 homines
400 4785 546 4875 impios,
572 4801 611 4855 ut
632 4811 771 4875 pacem,
797 4786 931 4872 studia,
956 4787 1061 4858 disci-

87 4887 210 4976 plinasn
243 4887 420 4959 Ecclesiae
452 4898 487 4954 et
519 4881 718 4954 scholarum
749 4889 947 4977 perturbet.
1002 4885 1059 4960 ,lta

88 5011 172 5060 nunc
186 5004 325 5062 nostrae
338 4987 504 5081 politiae,
526 5011 633 5080 qnae,
655 4987 770 5080 qualis
786 4989 900 5082 qualis
914 4975 1061 5074 est,‘ta-

88 5113 159 5160 nien
178 5087 367 5183 hospitium
397 5087 539 5180 praebet
561 5084 740 5157 Ecclesiae
761 5085 833 5159 Dei
860 5101 895 5159 et
920 5091 1058 5172 studiis,

88 5205 119 5257 ut
133 5194 212 5261 olim
229 5195 354 5262 viduae
368 5189 581 5280 sareptanae
596 5212 675 5258 casa
691 5203 765 5260 erat
780 5185 971 5281 hospitium
987 5188 1059 5262 Ec-

88 5291 203 5363 etesiae
215 5293 299 5377 Dei,
326 5293 514 5360 insidiatur
527 5291 709 5371 diabolus,
732 5291 819 5360 loris
840 5293 1063 5363 latrunculos

87 5389 217 5483 instigat
247 5398 293 5466 ad
318 5393 568 5476 denuntianda
595 5391 761 5466 incendia
783 5407 828 5494 ¹ct
856 5393 1056 5484 latrocinia,
1115 5409 1120 5422 '

1192 4369 1465 4482 Responsum
1495 4373 1811 4490 liaculogorum
1841 4383 2031 4472 Witteb.

1180 4544 1218 4601 Es
1236 4546 1418 4620 autographo,
1434 4547 1611 4619 aCrucigero
1622 4551 1726 4625 scripto
1763 4555 1808 4610 essi
1826 4557 1945 4630 theologi
1964 4580 2011 4614 sua
2025 4563 2101 4634 quis·

1215 4633 1269 4687 que
1287 4633 1370 4668 manu
1387 4617 1623 4688 subscripserunt,
1643 4621 1676 4674 to
1689 4591 1753 4678 eod.
1771 4623 1927 4682 &mata
1945 4649 1970 4700 p.
1985 4630 2027 4683 ⁷5.
2065 4629 2101 4683 a:

1213 4683 1310 4738 eodem
1328 4685 1431 4739 edituro
1450 4687 1480 4740 in
1499 4689 1675 4756 &opstare
1692 4691 1969 4763 statuissemus
1989 4715 2034 4768 pst
2051 4703 2101 4758 ates

1212 4753 1352 4819 formation
1387 4754 1444 4821 tid).
1472 4765 1499 4810 et
1523 4775 1538 4809 a
1560 4755 1700 4812 Walcbio
1729 4763 1858 4832 operibns
1881 4765 1990 4821 botheri
2015 4768 2100 4822 inser·

1210 4829 1268 4874 tssm
1292 4819 1369 4874 Τ.Χ
1400 4821 1432 4878 ll.
1458 4829 1489 4894 p'.
1507 4825 1588 4881 tata.
1645 4826 1833 4902 spsgrspaos
1854 4833 1885 4887 in
1901 4835 1967 4890 cod.
1984 4833 2058 4887 (solii
2078 4837 2104 4890 l.

1209 4889 1296 4960 pat.
1310 4916 1345 4930 -
1379 4887 1426 4944 Est
1439 4909 1482 4946 res
1503 4895 1646 4948 onsumsd
1661 4897 1767 4952 monita
1780 4899 1871 4956 theob
1909 4922 1969 4954 som
1984 4903 2101 4973 Hassise,

1209 4975 1277 5028 quae
1288 4973 1374 5029 snpra
1390 4957 1417 5014 d.
1431 4959 1458 5015 7.
1494 4962 1550 5017 ebe.
1567 4961 1709 5028 dedimus,
1726 4984 1849 5050 quaeque
1888 4989 1911 5023 r.
1924 4969 2032 5024 Elector
2051 4971 2099 5026 Vi·

1212 5025 1454 5107 ssbergensibusd.
1465 5033 1487 5084 t.
1496 5029 1587 5083 Martii
1602 5031 1721 5090 miserat.
1747 5033 1794 5090 Est
1808 5036 1892 5121 igitur
1902 5038 2032 5108 seriptum
2047 5041 2100 5098 boc

1211 5092 1345 5148 indictum
1378 5095 1554 5152 rimisltdsrtii
1565 5099 1669 5155 diebus.
1687 5103 1879 5178 bsndgrsssus,
1893 5106 2029 5162 utdorent
2041 5111 2099 5164 eius

1210 5159 1304 5216 literae
1316 5162 1343 5217 d.
1357 5114 1400 5244 ist.
1415 5167 1487 5237 ripn.
1496 5167 1660 5250 periptacusd
1674 5169 1827 5227 Electorem
1836 5213 1851 5241 ,
1863 5174 1891 5228 in
1903 5174 2034 5229 sententis
2049 5175 2101 5231 Vi·

1211 5231 1411 5300 tebergsnssum
1426 5245 1563 5304 scqusesst
1576 5239 1704 5310 quadem,
1724 5241 1772 5295 sed
1793 5251 1883 5296 umen
1903 5244 2011 5296 monuit
2052 5247 2100 5301 lu-

1208 5283 2097 5448 ilil'*i'·.i³⁵s.2lfli'iil¹’,⁵”isi'‘¹⁵¹³“‘¹³¹²³⁸‘⁰‘”‘³¹⁰²'
