4654 5804
77 257 144 334 utt
381 313 383 316 a
635 185 1094 337 uetatotanutt
1136 255 1246 336 LIB.
1281 255 1345 336 tx,
1397 253 1531 335 1645.
1955 267 1958 278 '
2026 261 2102 336 622

24 439 25 444 ’
72 437 276 526 potestatem
293 421 350 496 ad
363 421 666 518 aedificationem,
687 449 761 496 aaa
776 419 833 496 ad
844 421 1057 502 destructio·
1107 404 1334 515 horninibus,
1359 443 1394 501 et
1417 427 1570 502 foederis
1596 426 1691 500 inter
1718 422 1898 501 homines:
1926 454 1993 502 nec
2023 455 2096 502 esse

15 529 17 566 ³
73 555 161 604 acm.
193 529 241 602 Et
258 525 390 601 Mattb.
411 517 1057 604 15.·ChrtsrasPhartsaasottar-
1105 531 1306 602 testimonia
1327 531 1605 624 promissionum
1624 545 1657 601 et
1670 532 1810 622 gratiae
1825 529 1894 602 Dei
1916 555 2096 622 erganos,

15 665 17 670 v
72 639 154 726 gat„
180 629 270 728 quia
291 625 461 702 humana
485 627 641 700 traditio
664 629 924 729 comprobabat
947 653 1056 728 opera
1104 645 1209 725 atque
1231 633 1281 702 ita
1305 634 1424 704 delent
1446 633 1645 707 doctrinam
1669 635 1713 704 de
1735 632 1899 706 exercitio
1916 633 1998 704 fidei
2013 657 2094 724 erga

73 729 279 830 pugnantia
299 756 378 803 cum
392 728 575 802 mandato
591 729 730 806 divino.
1102 731 1219 804 Deum
1237 733 1274 802 in
1294 757 1362 804 usu
1380 733 1699 808 sacramentorum.

169 831 206 904 Ο
231 834 308 905 lesu
332 831 472 904 Christe
495 835 548 902 fili
569 831 636 904 Dei
660 834 752 920 vivi,
785 834 849 928 qui
881 833 979 904 sedes
1010 835 1054 904 ad
1105 863 1107 870 ’
1202 831 1350 908 Constat
1379 837 1484 909 ctiam
1514 860 1555 906 ex
1576 831 1735 910 historiis
1754 832 1931 906 Ecclesiae
1952 837 2092 923 veteris,

72 937 223 1006 dextram
239 936 374 1006 aeterni
388 935 518 1028 patris,
544 949 577 1006 te
592 959 678 1020 oro,
703 950 743 1006 ut
765 959 882 1009 serves
903 935 969 1004 tibi
984 931 1056 1008 Ec·
1102 934 1242 1007 circiter
1265 951 1438 1008 trecentus
1466 961 1579 1008 annos
1610 950 1690 1028 post
1712 933 1904 1030 Apostolos
1928 939 2091 1008 nondum

72 1037 207 1108 clesiam
224 1053 257 1108 et
274 1039 335 1106 des
352 1038 385 1106 ei
401 1039 496 1108 dona
519 1050 598 1122 tua,
619 1037 720 1110 flecte
737 1039 875 1108 animos
897 1059 1054 1108 summo·
1100 1038 1207 1113 fuisse
1229 1042 1521 1112 consuetudinem
1545 1039 1747 1109 celebrandi
1777 1039 1930 1129 privatas
1955 1039 2090 1112 missas.

18 1151 20 1156 '
72 1161 145 1208 nnn
168 1139 465 1226 gubernatorum,
496 1151 538 1210 ut
560 1161 645 1208 cura
670 1134 798 1210 harum
820 1137 1052 1210 maximarum
1100 1137 1171 1210 Sed
1195 1153 1314 1232 postea
1340 1165 1379 1216 cs
1408 1141 1548 1212 inscitia
1578 1154 1613 1212 et
1641 1140 1889 1230 superstitione
1917 1139 2089 1231 paulatim

15 1287 16 1290 ,
71 1263 183 1308 rerum
200 1241 418 1325 afficiantur,
443 1253 484 1312 ut
498 1241 614 1310 cultus
636 1239 816 1313 idolorum
831 1255 866 1312 et
885 1241 1053 1330 profana·
1099 1255 1256 1331 receptae
1278 1255 1373 1316 sunt.
1422 1241 1563 1314 Deinde
1583 1241 1660 1312 sine
1682 1244 1791 1318 modo
1815 1241 2009 1312 cumulavit
2031 1263 2088 1312 eas

70 1341 177 1410 dones
191 1341 305 1410 divini
321 1341 488 1424 nominis,
513 1364 553 1410 ac
568 1339 790 1428 Sacramenti
808 1342 1051 1419 emendentur,
1099 1343 1256 1414 avaritia.
2016 1349 2026 1356 ’

15 1457 35 1496 ·-’-
71 1455 101 1512 ct
115 1441 164 1532 pii
178 1441 352 1512 luctantes
365 1465 446 1512 cum
462 1442 696 1527 dubitatione,
714 1443 854 1514 liberati
867 1449 949 1514 vera
965 1466 1051 1514 con·
1199 1441 1385 1516 Prodesset
1408 1444 1533 1532 etiam,
1559 1447 1587 1516 si
1609 1442 1707 1516 Deus
1729 1446 1829 1516 daret
1849 1442 2088 1528 concordiam,

70 1543 256 1627 solatione,
282 1544 481 1633 erigantur,
503 1556 537 1612 et
553 1567 634 1614 vera
651 1541 721 1616 Dei
740 1546 874 1635 agnitio
897 1557 931 1614 et
946 1543 1051 1614 invo-
1096 1558 1138 1615 ut
1160 1545 1266 1616 simul
1281 1547 1471 1618 mediocris
1484 1549 1682 1618 similitudo
1700 1549 1739 1618 in
1754 1546 1964 1618 ceremoniis
1982 1543 2089 1614 addi·

20 1667 23 1674 ·
71 1644 171 1728 catio,
194 1644 270 1712 veri
285 1646 401 1715 cultus
415 1641 502 1730 Dei,
528 1658 563 1715 et
585 1669 731 1724 vera'ac
748 1643 916 1720 salutaria
935 1645 1050 1719 officia
1097 1647 1142 1718 tis
1156 1670 1284 1718 coenae
1299 1645 1447 1717 Domini
1463 1663 1497 1720 et
1511 1645 1688 1746 missae³⁴)
1704 1649 1968 1726 ordinarentur,
1983 1645 2086 1715 vide·

69 1744 201 1836 pietatis
221 1744 474 1820 instaurentur.
873 1797 880 1816 .
1096 1748 1196 1833 licet,
1221 1763 1260 1820 ut
1276 1751 1500 1840 praecederet
1516 1743 1688 1822 confessio
1710 1764 1745 1826 et
1757 1750 1933 1822 absolutio
1951 1771 2086 1833 eorum,

20 1903 23 1910 r
159 1844 235 1916 Nec
252 1859 348 1918 tanta
362 1861 414 1918 est
427 1847 633 1948 obscuritas,
653 1861 715 1919 aut
730 1847 907 1920 subtilitas
921 1842 1048 1918 harum
1097 1849 1159 1943 qui
1177 1851 1222 1940 ad
1243 1852 1529 1922 communionem
1545 1852 1716 1944 accessuri
1733 1866 1866 1937 essent,
1890 1848 1971 1932 †ac
1986 1870 2086 1941 pres-

18 1985 25 2010 :
70 1949 402 2034 controversiarum,
426 1959 503 2019 uta'
522 1943 748 2022 mediocriter
764 1949 894 2034 doctis,
919 1949 1049 2020 timen—
1097 1950 1212 2044 byteri
1234 1947 1381 2028 honeste
1403 1955 1448 2024 ad
1466 1977 1561 2026 arant
1588 1952 1758 2038 starent'',
1782 1967 1817 2025 et
1836 1952 2086 2046 omitterentur

18 2105 26 2115 ,.
69 2049 157 2120 tibus
177 2048 316 2137 Deum,
341 2051 601 2146 etlamantibus
618 2053 801 2124 veritatem
822 2051 1048 2143 nonpossint
1095 2051 1254 2122 indecori
1276 2051 1367 2127 ritus
1388 2055 1428 2126 in
1451 2056 1603 2148 templo,
1630 2051 1830 2137 †velutad
1849 2050 2006 2124 mensam
2020 2051 2086 2122 ad-

69 2150 267 2229 diiudicari.
314 2149 392 2222 lmo
422 2153 607 2244 perspicua
629 2167 682 2225 est
699 2153 849 2248 veritas,
877 2166 912 2233 et
933 2151 1048 2224 facilis
1093 2151 1316 2230 ridentium.n

20 2296 21 2300 =
69 2253 241 2322 intellectu
256 2253 318 2338 iis,
344 2253 495 2346 quinon
508 2253 663 2345 privatos
676 2254 838 2340 affectus,
860 2253 961 2339 odia,
982 2275 1047 2322 su-

15 2389 18 2446 3
69 2353 236 2445 perbiam‚
271 2355 473 2436 avaritiam,
504 2355 661 2426 studium
694 2354 955 2439 calumniandi,
985 2355 1045 2427 sert

70 2455 224 2524 timorem
240 2453 309 2526 Dei
323 2470 359 2528 et
378 2456 536 2526 studium
554 2458 816 2546 cognoscendae
829 2455 986 2528 veritatis
1001 2459 1045 2526 ad
1155 2530 1157 2538 ,

19 2599 24 2628 ;,
70 2557 309 2630 aasadferunt,
578 2598 582 2608 ·
634 2553 644 2572 ⁶
1197 2543 1382 2622 Addamus
1413 2546 1472 2624 hic
1503 2566 1540 2624 et
1570 2554 1760 2625 articulum
1791 2557 1835 2634 de
1858 2552 2095 2626 invocatione.

15 2724 18 2730 r
160 2655 346 2730 Praeterea
369 2659 448 2730 lnce
469 2658 667 2736 meridiana
689 2658 819 2733 clarius
836 2673 906 2746 est,
932 2657 1046 2728 saevi·
1093 2663 1313 2738 sanctorum,
1343 2653 1468 2746 quiex
1490 2649 1557 2725 hac
1579 2656 1651 2726 vita
1673 2670 1904 2730 excesserunt,
1960 2653 2083 2726 Mani-

18 2827 19 2830 ,
69 2757 162 2838 tiam,
187 2782 280 2852 qnae
296 2775 475 2832 exercetur
489 2774 634 2853 propter
648 2782 753 2830 usum
775 2759 904 2849 integri
920 2759 1043 2834 Sacra·
1092 2753 1221 2822 seslum
1240 2765 1290 2824 θεῖ
1305 2755 1420 2848 enim,
1444 2758 1619 2828 mundum
1639 2758 1785 2849 plenum
1806 2779 1881 2830 esse
1901 2755 2083 2827 idolorum

15 2929 17 2931 ,
69 2860 187 2945 menti,
212 2859 392 2930 sicuteam
409 2886 498 2956 quac
514 2877 659 2955 propter
672 2861 830 2954 reliquos
842 2883 944 2932 veros
960 2861 1046 2932 arti-
1093 2855 1191 2924 cultu
1201 2847 1243 2948 ³⁸)
1265 2855 1304 2922 in
1326 2849 1392 2926 hac
1413 2856 1649 2932 invocatione.
1712 2855 1886 2952 Expressa
1910 2858 2082 2949 scriptum

15 3027 19 3036 ,
69 2961 157 3029 culos
175 2974 374 3048 exercetur,
399 2965 524 3054 ingens
539 2976 720 3056 peccatum
738 2987 831 3043 esse,
852 2975 892 3032 et
908 2961 1046 3033 irritare
1094 2969 1144 3026 est
1158 2952 1360 3029 neocaes
1374 2953 1503 3032 Matth.
1520 2955 1556 3032 4.
1590 2953 1799 3030 Dominum
1821 2951 1946 3028 Deam
1966 2967 2082 3044 tuum,

68 3059 147 3129 iram
161 3059 250 3144 Dei,
276 3076 310 3134 et
330 3089 487 3134 caussam
504 3087 577 3134 esse
593 3085 800 3152 magnarum
822 3064 1044 3154 publicarum
1094 3049 1138 3124 id
1155 3061 1226 3138 08¹,
1259 3053 1327 3152 qui
1345 3079 1384 3128 sc
1405 3056 1478 3128 tibi
1494 3081 1559 3152 per
1588 3057 1733 3130 verbum
1759 3085 1888 3144 suam,
1924 3067 1957 3128 tl
1984 3067 2082 3130 ‘tria

15 3233 16 3238 ,
70 3163 312 3249 calamitatum,
337 3177 379 3236 ut
392 3161 556 3238 Christus
573 3158 783 3238 Marthae.
800 3165 902 3236 dicit:
927 3159 1047 3260 Super
1092 3155 1303 3228 testimonia
1340 3155 1534 3258 patefacit,
1582 3154 1784 3248 adorabis,
1833 3169 1866 3232 ct
1903 3155 1969 3232 illi
2006 3156 2083 3230 soli

15 3332 21 3340 „
69 3254 179 3333 hostes
202 3261 387 3351 veritatis,
411 3264 479 3364 qui
497 3263 690 3340 saevitiam
716 3273 898 3367 exercpnt,
923 3273 1047 3336 ventu·
1091 3257 1233 3330 servies·
2013 3303 2017 3310 ·

70 3386 141 3431 rum
157 3366 463 3460 assesanguiaem
482 3365 645 3440 omnium
660 3375 883 3454 sanctorum,
905 3364 973 3464 qui
987 3365 1045 3436 ia-
1190 3361 1420 3437 Solctautem
1435 3385 1564 3455 aragne
1577 3365 1772 3438 multitudo
1792 3360 1980 3440 hominum
1995 3385 2082 3436 cou-

69 3465 200 3563 terserti
213 3475 301 3536 sunt
317 3463 400 3538 inde
420 3491 532 3566 usquc
555 3465 605 3538 ab
620 3463 716 3538 Atat
733 3464 790 3537 ad
800 3463 1046 3545 Zachariam.
1092 3461 1212 3552 lugere
1234 3465 1279 3536 ad
1299 3478 1458 3550 sanctos,
1489 3467 1590 3560 quasi
1612 3468 1697 3538 dent
1721 3469 1814 3556 bona
1838 3467 1997 3560 corporis
2019 3477 2081 3536 aut

15 3639 17 3642 ,
160 3565 285 3668 ltaque
308 3572 581 3660 gubernatores,
612 3570 676 3664 qui
697 3567 813 3642 Deum
834 3573 980 3653 timent,
1005 3594 1045 3642 ac
1091 3565 1242 3640 animae.
1292 3563 1362 3636 llic
1378 3589 1478 3636 error
1493 3568 1676 3640 manifeste
1692 3569 1938 3656 estidolorum
1954 3567 2081 3638 cultus.

15 3735 17 3744 ,
68 3667 177 3756 fugere
201 3668 403 3744 societatem
423 3672 575 3744 iniustae
596 3669 761 3742 saevitiae
780 3673 949 3764 cupiunt,
978 3695 1044 3742 nec
1192 3663 1327 3762 Aliqui
1337 3675 1459 3738 autem
1475 3676 1656 3764 quaerunt
1671 3668 1942 3750 excusationes,
1967 3675 1999 3736 δί
2016 3688 2080 3734 ⁰1⁸·

68 3770 184 3840 volunt
214 3771 371 3844 stabilire
402 3796 537 3844 errores
558 3787 594 3846 et
618 3771 915 3864 profanationem¹
929 3772 1043 3844 divini
1092 3764 1160 3836 riis
1190 3763 1373 3838 coloribus
1401 3761 1502 3840 leuno
1529 3766 1642 3840 ritum
1675 3771 1837 3869 pingant
1868 3779 1901 3840 et
1934 3775 2081 3838 ornant.

15 3909 17 3944 ;
69 3872 232 3942 nominis:
258 3865 298 3940 hi
318 3887 411 3945 certe
435 3877 567 3947 debent
590 3874 685 3966 piam
704 3875 990 3952 reformationem
1005 3874 1044 3942 in
1090 3862 1181 3940 Noa
1203 3866 1412 3940 invocentur
1434 3867 1608 3970 inquiunt
1631 3874 1770 3956 sancti,
1803 3882 1844 3944 ut
1866 3865 2081 3954 conditores,

15 4011 17 4044 ι
69 3963 119 4040 his
139 3973 297 4044 articulis
322 3989 357 4046 et
382 3976 461 4048 aliis
483 3977 672 4062 adiuvare,
703 3999 744 4046 ac
771 3975 983 4046 nominatim
1005 3987 1045 4045 ut
1090 3977 1157 4038 aut
1173 3963 1354 4069 effectores
1367 3965 1548 4042 donorum
1562 3968 1737 4062 illoram,
1760 3971 1829 4046 sed
1848 3979 1888 4044 ut
1909 3970 2078 4054 intereas·

69 4063 236 4144 Ecclesiae
256 4089 350 4146 rectc
371 4077 415 4147 de
430 4075 658 4148 Sacramenta
673 4077 832 4170 corporis
846 4089 880 4148 et
900 4075 1043 4167 sangui·
1089 4093 1200 4148 sores.
1251 4070 1326 4144 Hic
1333 4070 1450 4171 sucus
1466 4065 1540 4144 Irae
1557 4073 1750 4175 perspicua
1775 4072 2006 4174 responsione
2023 4093 2079 4142 re-

15 4221 17 4224 -
70 4171 119 4240 nis
131 4169 264 4246 Christi
281 4177 503 4260 erudiantur,
529 4179 615 4273 quid
631 4178 684 4246 ibi
698 4173 924 4264 exhibeatur,
949 4191 984 4248 et
998 4179 1042 4248 ad
1082 4171 1251 4273 fetatur.
1570 4243 1572 4247 .

69 4297 163 4364 quem
180 4277 337 4348 fructum
355 4273 445 4349 hacc
466 4281 596 4350 sumtio
620 4279 780 4350 instituta
797 4282 870 4366 sit,
896 4292 931 4351 et
952 4305 1043 4374 quo·
1190 4274 1234 4348 ln
1250 4275 1425 4364 Ecclesia,
1449 4301 1512 4352 seu
1530 4278 1569 4348 in
1586 4281 1720 4372 populo
1739 4277 1829 4366 Dei,
1853 4279 1953 4350 nulla
1974 4277 2079 4346 invo-

71 4377 166 4446 modo
182 4379 316 4470 prosit,
343 4393 377 4450 et
399 4381 495 4452 utin
518 4405 585 4452 usu
606 4405 735 4451 coenae
755 4377 904 4452 Domini
927 4382 1044 4452 luceat
1088 4375 1182 4450 catio
1204 4381 1382 4466 docenda,
1412 4381 1649 4468 instituenda,
1681 4395 1743 4455 aut
1772 4381 1982 4452 stabilienda
2006 4392 2076 4462 est,

71 4497 163 4546 verus
181 4478 381 4552 intellectus
394 4480 631 4568 sacramenti,
652 4497 687 4554 et
701 4483 805 4568 fides,
831 4496 866 4554 et
880 4483 972 4554 adsit
987 4507 1043 4552 re·
1090 4504 1180 4573 quae
1202 4481 1242 4550 in
1265 4483 1375 4552 verbo
1398 4477 1485 4570 Dei,
1517 4506 1583 4554 nec
1612 4498 1837 4578 praeceptum
1866 4482 1981 4554 ullum
2012 4502 2077 4580 nec

71 4579 228 4666 verentia,
252 4605 343 4674 quae
356 4583 455 4656 decet
468 4585 507 4653 in
521 4581 690 4666 Ecclesia,
714 4608 760 4655 nc
774 4581 1042 4657 Sacramentum
1090 4584 1288 4674 exemplum
1306 4578 1423 4655 habet.

71 4677 247 4751 obiiciatur
259 4683 386 4774 porcis,
402 4699 443 4756 ut
454 4679 657 4778 prohdolor
672 4686 871 4758 tristissima
884 4687 1043 4778 exempla
1116 4757 1122 4764 ,
1191 4683 1424 4758 Manifestum
1439 4697 1491 4758 est
1513 4699 1630 4758 autem
1646 4685 1685 4756 in
1707 4687 1844 4780 scriptis
1858 4680 2078 4778 Propheticis

70 4782 322 4870 conspiciuntur
347 4785 386 4854 in
415 4787 502 4856 orbe
519 4799 719 4868 terrarum,
751 4788 878 4859 inille
907 4787 1042 4878 ingenti
1089 4801 1125 4858 et
1154 4785 1369 4878 Apostolicis
1401 4809 1546 4880 prorsus
1579 4789 1721 4860 nullum
1755 4803 1980 4882 praeceptum
2015 4797 2078 4855 aut

70 4881 287 4953 multitudine
308 4885 533 4958 indoctorum
556 4901 591 4958 et
612 4887 803 4979 impiorum
828 4890 1041 4960 sacrificulo-
1089 4889 1289 4980 exemplum
1301 4883 1408 4960 huius
1422 4889 1657 4960 invocationis
1672 4903 1799 4966 extare.
1830 4888 1880 4962 Et
1893 4888 2000 4962 Rom.
2017 4883 2076 4954 14·

72 4999 141 5050 rum
160 4971 195 5055 et
217 4983 492 5082 monachorum,
517 4990 580 5082 qni
601 5001 740 5060 tantum
762 4991 897 5063 ventris
920 5015 1041 5062 caussa
1089 4990 1252 5086 diciturzl
1263 4984 1455 5090 Quicquid
1469 4991 1544 5062 aori
1560 4999 1613 5062 est
1629 5014 1677 5066 aa·
1687 4985 1788 5086 fide,
1811 4997 1997 5091 peceatum
2013 4994 2076 5062 est.

72 5075 182 5168 legunt
194 5088 327 5162 missas.
378 5087 467 5160 ltem
484 5093 579 5182 apud
596 5085 879 5188 Aaahaptistas,
903 5105 938 5164 et
952 5093 1041 5164 alios
1983 5123 1985 5128 ·

72 5182 124 5270 qni
139 5186 179 5254 de
195 5185 429 5261 Sacramentis
445 5193 609 5284 profanas
630 5193 816 5288 opiniones
831 5190 982 5281 habent,
1007 5208 1041 5265 et
1085 5225 1091 5236 ·
1250 5269 1257 5284 ‚
1401 5271 1408 5286 ,
1458 5269 1465 5288 ,
1571 5271 1578 5287 ,
1838 5264 1854 5282 ..
1962 5263 1992 5280 ..

73 5279 182 5356 dicunt
203 5287 255 5358 ibi
276 5303 416 5361 tantum
436 5315 562 5384 panem
587 5307 621 5364 et
648 5295 773 5365 vinum
798 5289 975 5384 exhiberi,
1004 5307 1041 5368 et
1120 5267 1878 5404 “23WQWQZQYJJWQ
1887 5266 2077 5392 xiim..

73 5375 281 5464 Sacramenta
301 5405 439 5466 tantum
457 5417 531 5466 esse
550 5395 650 5488 signa
669 5397 899 5490 professionis
919 5421 1038 5473 coram
1121 5424 1169 5498 es)
1188 5425 1253 5480 Pae.
1265 5401 1508 5482 mammarum
1518 5427 1653 5482 atreum.

1093 2309 1154 2384 De
1170 2312 1396 2396 invocatione
1410 2313 1649 2406 Sanctarum,
1673 2317 1739 2418 qui
1758 2341 1805 2391 ex
1826 2311 1899 2390 hac
1920 2315 1996 2387 vita
2019 2337 2085 2389 ea:-

1502 2429 1694 2497 cesserant.

483 5713 506 5750 *k
551 5739 554 5748 .
