4704 5804
237 243 310 317 eet

238 407 464 486 Clarissimo
478 407 571 497 uiro,
596 401 797 479 eluditione
811 415 842 478 et
860 405 989 476 virtute
1006 401 1224 504 praestanti,

816 231 1256 312 nrrsronanuu
1306 235 1504 317 nmrx.
1557 203 1689 334 reta.

1277 403 1344 481 No.
1361 407 1472 480 2885.

238 515 284 588 D.
312 508 484 586 dodun.
510 503 898 590 Bretsclrneider,
938 505 1098 580 Ductori
1128 507 1224 580 artis
1283 502 1455 532 Μ

436 607 630 698 Medieae,
647 609 775 709 fratri
786 634 854 680 suo
869 605 1028 680 colendo.
1116 617 1120 630 “

240 737 287 829 S.
308 754 353 827 D.
406 748 548 824 Clariss.
571 749 628 820 vir
650 762 684 820 ct
706 748 824 820 cariss.
842 749 967 828 frater,
1003 757 1104 815 vocat
1126 756 1161 814 te
1185 743 1226 812 in

239 853 467 928 Academiam
488 875 589 922 suam
606 849 867 920 lllustrissimus
886 846 968 918 Dux
982 839 1226 916 Pomeraniae

239 945 507 1052 Philippus*),
532 965 573 1022 ut
592 976 633 1020 ex
647 951 760 1022 literis
775 948 886 1040 ipsius
902 950 943 1018 ad
964 961 1005 1029 tex
1015 947 1153 1038 scriptis
1168 947 1226 1014 in-

238 1059 394 1149 telliges,
426 1075 514 1147 quas
537 1047 717 1122 exhibebit
736 1050 869 1147 nobilis
887 1047 951 1118 Vir
971 1049 1085 1138 gentis
1099 1045 1224 1117 Pome-

239 1160 381 1234 ranicae
397 1149 610 1237 Adrianus,
626 1154 681 1222 vir
695 1147 864 1221 honestus
881 1163 914 1220 ct
931 1149 1102 1218 eruditus.
1134 1146 1224 1218 Iussi

239 1275 281 1334 ut
302 1257 464 1330 ostendat
485 1255 552 1324 tibi
575 1255 680 1324 etiam
703 1254 821 1322 literas
844 1253 889 1320 ad
913 1275 969 1320 me
992 1250 1154 1340 scriptas,
1187 1249 1224 1315 iu

241 1363 373 1457 quibus
396 1357 529 1426 mentio
552 1357 591 1424 fit
618 1354 672 1424 tui
696 1347 901 1423 honorifica.
956 1349 1095 1439 Quaeso
1121 1351 1227 1440 igitur
1278 1382 1369 1453 sacta
1388 1378 1461 1452 sim
1484 1384 1528 1451 de
1549 1407 1624 1467 me,

240 1477 284 1536 nt
305 1457 403 1534 hunc
422 1457 582 1526 nobilem
596 1454 713 1541 virum
728 1447 939 1522 Adrianum
961 1464 1120 1520 amanter
1135 1450 1228 1520 exci-
1280 1481 1385 1553 Locis
1409 1477 1654 1573 Theologicis‚

241 1563 339 1657 pias,
370 1573 405 1632 et
427 1560 471 1628 de
492 1556 662 1648 petitione
686 1552 865 1646 Principis
889 1553 1074 1623 deliberes.
1125 1549 1229 1622 Certe

242 1665 355 1735 virtus
378 1672 430 1729 est
444 1657 570 1728 eximia
584 1655 779 1746 Principis,
804 1667 839 1724 et
860 1653 903 1722 de
918 1649 1085 1720 Ecclesiis
1108 1663 1141 1721 et
1164 1654 1230 1719 do·
1290 1679 1297 1688 ·

242 1762 367 1835 ctrinis
389 1772 480 1830 recte
502 1771 542 1863 et
554 1757 705 1847 graviter
717 1755 861 1826 iudicat.
910 1751 1008 1822 Bene
1024 1753 1112 1822 vale.
1161 1749 1230 1824 Die

244 1865 303 1940 17.
318 1860 455 1934 Martii.

1070 2259 1086 2320 1
1098 2255 1130 2316 8.
1140 2246 1230 2310 Mart.

1052 2337 1224 2368 Μ
1242 2359 1247 2374 ,

514 2427 664 2513 Ioach.
689 2424 944 2514 camerario.

311 2608 398 2684 Epist.
411 2607 445 2664 ad
458 2605 594 2662 Cameren
608 2625 635 2676 p.
648 2606 748 2678 tstsq.
768 2604 820 2682 (ed.
831 2603 923 2660 Lond.
941 2601 987 2659 lib.
1000 2600 1048 2660 lV.
1065 2621 1108 2675 ep.
1121 2601 1221 2688 bib).⁸

242 2251 311 2324 No.
326 2249 438 2322 2882.

247 2346 419 2380 W

398 2377 420 2398 xx

243 2761 469 2841 Clarissimo
492 2761 570 2834 viro
598 2756 799 2832 eruditione
818 2769 850 2831 et
874 2759 1003 2831 virtute
1023 2757 1235 2857 praestanti

267 2861 515 2940 Iooeltimo
534 2856 814 2938 Camerario
837 2855 1066 2958 Pudergensi
1090 2859 1209 2932 amico

585 2987 654 3036 suo
679 2987 883 3040 carrssrmo.

245 3079 291 3172 S.
315 3097 361 3176 D.
403 3086 533 3194 Cogite
547 3095 741 3169 concilium
757 3107 789 3169 et
801 3119 926 3196 pacem
943 3091 1094 3166 laudate
1105 3091 1233 3166 seden-

246 3209 319 3273 tes:
350 3195 428 3271 Ilb'
445 3197 563 3270 armis
584 3199 625 3270 in
648 3223 761 3292 regnu
786 3207 914 3280 ruunt,
940 3199 1059 3291 inquit
1075 3197 1233 3284 Turnus,

245 3317 288 3374 ut
306 3301 511 3372 meministi.
565 3297 620 3370 Ita
643 3303 729 3370 dum
751 3296 885 3397 Spirae
907 3299 951 3369 de
971 3299 1087 3368 nescio
1103 3299 1234 3392 quibus

245 3404 351 3494 nugis
367 3403 566 3493 litigamus,
593 3400 707 3471 Turci
725 3401 875 3490 grassari
890 3401 929 3467 in
942 3397 1139 3468 Pannoniis
1152 3424 1235 3491 per-

245 3517 346 3595 gunt.
377 3501 467 3574 Heri
483 3503 578 3572 enim
593 3502 728 3572 litteras
742 3525 783 3572 ex
796 3501 983 3571 Pannonia
1000 3501 1128 3591 accepi,
1145 3525 1234 3594 quae

246 3617 396 3675 narrant
414 3627 535 3674 recens
557 3605 635 3674 loca
656 3601 773 3696 vicina
797 3601 952 3672 Posonio
977 3615 1145 3693 occupata
1161 3624 1235 3670 esse

246 3705 445 3778 aTurcicis
466 3705 665 3774 latronibus
681 3705 810 3794 passim
827 3703 1046 3794 vagantibus.
1097 3699 1235 3773 Interea

248 3821 368 3880 tamen
393 3805 499 3876 etiam
521 3806 560 3874 in
582 3804 626 3873 iis
642 3803 748 3888 locis,
774 3828 864 3898 quae
878 3804 1046 3873 servitute
1062 3827 1154 3872 nova
1170 3828 1235 3895 op-

219 3997 222 4007 ,
247 3930 366 4002 pressa
385 3919 487 3986 sunt,
520 3905 785 3976 constituuntur
808 3902 1003 3988 Ecclesiae,
1030 3906 1134 3975 credo
1157 3905 1236 3974 ani-

248 4009 403 4080 misiam
417 4009 462 4077 ad
477 4007 600 4077 celeste
619 4005 791 4078 auxilium
812 4005 1116 4096 confugientibus,
1138 4019 1236 4098 post-

1679 609 1849 698 Eidem.

1380 759 1465 833 Epirt.
1481 762 1514 819 sd
1529 763 1669 820 camena.
1684 786 1710 840 p.
1726 769 1779 824 tas
1795 787 1837 840 sq.

1279 901 1504 984 Clarissimo
1527 915 1604 986 viro
1627 914 1829 990 eruditione
1853 929 1885 988 et
1909 920 2038 989 virtute
2058 919 2275 1017 praestanti

1303 1009 1546 1088 lonchimo
1571 1006 1851 1089 Camerario
1876 1015 2105 1115 Pubergensi
2122 1021 2246 1091 amico

1663 1144 1730 1190 suo
1757 1145 1886 1196 carere.

1279 1255 1323 1348 S.
1349 1277 1395 1351 D.
1452 1277 1651 1351 Meministi
1673 1285 1786 1356 nostri
1810 1279 1936 1356 theatri
1963 1285 2111 1366 iudicia,
2150 1285 2275 1378 qualia

1656 1407 1736 1454 cum
1758 1402 1840 1456 ante
1865 1411 1977 1456 annos
1997 1391 2134 1472 decem,
2166 1387 2276 1456 editis

1692 1486 1923 1577 disputassem
1945 1490 2116 1581 quaedam
2148 1488 2274 1556 minus

1280 1577 1437 1667 horride,
1451 1599 1668 1676 quamantea
1685 1585 1723 1654 in
1739 1587 1853 1657 ruinis
1864 1589 2076 1658 monasticae
2086 1587 2274 1657 doctrinae

1281 1683 1463 1776 proposita
1478 1685 1629 1759 fuerant.
1688 1682 1736 1757 Et
1758 1701 1859 1758 erant
1874 1690 1935 1779 qui
1964 1689 2020 1756 me
2039 1689 2275 1778 suspicaban-

1282 1799 1342 1855 tur
1356 1799 1493 1876 captare
1500 1799 1683 1876 potentum
1698 1789 1846 1862 favores.
1871 1787 1999 1860 Noster
2010 1783 2275 1886 yspvpui03*),

1207 1973 1211 1980 ¹
1283 1885 1361 1955 ioco
1375 1887 1523 1954 fortasse
1538 1881 1627 1954 mihi
1643 1887 1851 1972 obiiciebat,
1877 1891 2012 1958 ambire
2034 1914 2089 1960 me
2112 1891 2275 1979 galerum

1282 1989 1361 2064 τῶν
1382 1978 1612 2082 εὐπαρύφων
1633 1983 1843 2082 ἀρχιερέων.
1907 1987 2007 2058 Adeo
2037 2015 2110 2059 non
2139 2004 2275 2060 temere

1284 2088 1418 2158 dictum
1437 2101 1487 2156 est
1499 2081 1573 2158 ὑπὸ
1591 2083 1702 2159 παντὶ
1717 2086 1829 2186 λίθῳ,
1853 2085 1906 2184 μὴ
1921 2085 2017 2182 δόκη
2032 2084 2172 2184 ῥήτωρ,
2195 2089 2276 2186 χρὴ

1284 2183 1431 2283 ἀθρεῖν.
1481 2186 1552 2278 Sed
1567 2185 1664 2260 Deus
1678 2191 1775 2260 testis
1785 2205 1860 2276 est,
1887 2217 1942 2260 me
1959 2216 2023 2260 nec
2041 2191 2175 2281 ingenii
2191 2193 2276 2262 lau—

1283 2291 1382 2376 dem,
1407 2312 1472 2357 nec
1489 2289 1605 2360 studia
1620 2290 1729 2360 ullius
1744 2293 1852 2382 partis
1865 2308 2074 2383 aucupatum
2090 2317 2183 2376 esse,
2210 2299 2277 2364 sed

1283 2413 1367 2460 vero
1383 2401 1418 2459 et
1431 2388 1585 2482 simplici
1599 2391 1716 2460 studio
1733 2389 1910 2472 veritatis,
1936 2393 2156 2482 diligentiam
2172 2393 2275 2464 illam

1283 2491 1323 2560 in
1347 2489 1579 2582 explicatione
1599 2487 1819 2565 adhibuisse:
1845 2494 2009 2563 videbam
2025 2519 2131 2588 quam
2146 2495 2278 2566 confu-

1284 2615 1339 2661 sas
1371 2591 1558 2684 opiniones
1587 2606 1623 2663 et
1651 2593 1802 2664 insulsas
1832 2595 1936 2664 multi
1967 2593 2277 2672 circumferebant.

1283 2689 1332 2764 Et
1346 2693 1523 2764 iuventuti
1539 2707 1668 2779 metae,
1693 2708 1733 2764 ut
1755 2695 1793 2763 in
1809 2696 1944 2765 artibus
1959 2695 2036 2766 fieri
2048 2719 2187 2766 necesse
2212 2713 2278 2782 est,
2319 2745 2323 2752 -

1284 2795 1533 2865 monstrandae
1547 2795 1702 2867 fuerunt.
1730 2791 1896 2888 Optarim
1912 2811 2029 2866 avarem
2043 2821 2099 2866 me
2115 2822 2134 2866 a
2151 2800 2279 2869 multis
2339 2873 2340 2897 χ

1285 2897 1447 2966 adiutum
1457 2918 1540 2969 esse.
1561 2893 1752 2990 Nunquam
1762 2897 1858 2968 enim
1866 2921 1983 2967 meum
1992 2897 2164 2968 iudicium
2173 2925 2278 2992 prae-

1285 2997 1353 3066 tuli
1360 2993 1538 3066 Ecclesiae
1553 2996 1698 3070 iudicio.
1732 2994 1851 3086 Quare
1867 2999 1910 3067 de
1927 2999 1972 3068 iis
1988 2999 2171 3078 sententiis
2184 3026 2277 3094 quas
2338 3023 2339 3053 t

1286 3092 1413 3168 Alesia
1430 3097 1531 3182 misi,
1557 3098 1713 3167 iudicare
1734 3098 1822 3184 vos,
1841 3111 1876 3168 et
1899 3101 2043 3194 quidem
2066 3123 2185 3178 severe
2211 3098 2279 3174 καὶ

1285 3202 1332 3292 τῇ
1347 3201 1425 3268 τῶν
1439 3192 1708 3296 ἇρειοπαγιτῶν
1726 3194 1898 3295 ἀκριβείᾳ
1903 3251 1915 3285 ,
1937 3201 2032 3275 volo.
2082 3197 2181 3271 ldcrn
2200 3203 2279 3272 dixi

1286 3312 1368 3369 ante
1382 3322 1494 3368 annos
1509 3313 1587 3368 octo
1597 3291 1763 3367 Luthero
1777 3301 1844 3392 ipsi
1863 3324 1999 3371 mecum
2015 3313 2050 3370 et
2065 3325 2144 3370 cum
2160 3325 2279 3376 σταυ-

1287 3392 1440 3495 ροφόρῳ
1455 3393 1767 3495 expostulanti**).
1818 3401 1986 3474 Statuetis
2002 3401 2110 3490 igitur
2124 3404 2168 3472 de
2185 3406 2278 3473 meis
2335 3471 2336 3500 ,

1287 3499 1433 3591 pagellis
1459 3513 1575 3568 vestro
1605 3501 1765 3576 arbitrio.
1824 3499 1942 3571 Velim
1970 3517 2087 3574 autem
2113 3505 2158 3574 de
2184 3501 2279 3574 mihi
2335 3501 2336 3521 ¹

1288 3599 1501 3692 significare,
1526 3601 1612 3694 quid
1628 3602 1863 3677 decreveritis.

1387 3795 1551 3872 Brutum
1574 3804 1640 3874 tibi
1662 3804 1764 3874 mitto
1781 3829 1861 3874 cum
1884 3803 2056 3874 libertatis
2071 3803 2279 3896 inscriptio·
2333 3823 2334 3833 ¹

1287 3927 1352 3986 ne,
1383 3905 1522 3996 quaerit
1548 3905 1642 3972 enim
1665 3905 1841 3974 civitatem
1868 3929 1903 3974 se
1938 3903 2146 3994 digniorem.
2208 3907 2279 3978 Sed
2332 3977 2333 3989 ,

1288 4028 1336 4074 an
1370 4001 1555 4098 Philyram
1586 4019 1738 4074 vestram
1778 4005 1992 4096 probaturus
2032 4007 2095 4092 sit,
2147 4010 2280 4076 neseio.

250 4107 357 4203 quam
370 4130 526 4198 pugnare
539 4131 615 4177 non
630 4121 789 4198 possunt.
839 4102 887 4176 Et
903 4131 1004 4197 spero
1019 4104 1135 4176 Deum
1151 4105 1236 4174 reli·
1288 4101 1407 4176 Unam
1434 4105 1526 4190 scio,
1558 4106 1597 4173 in
1621 4129 1690 4198 qua
1718 4105 1749 4173 ei
1777 4107 1874 4175 locus
1903 4107 1987 4192 erit,
2019 4105 2056 4174 in
2077 4105 2190 4178 Cattis
2219 4133 2280 4176 seu
2331 4127 2332 4145 ¹

249 4208 352 4304 quiae
368 4205 562 4291 Ecclesiae,
585 4220 627 4277 ut
644 4229 781 4298 semper
796 4219 1016 4276 servaturum
1033 4227 1106 4274 esse
1126 4205 1237 4274 mira·
1288 4201 1491 4288 Tencteris,
1538 4228 1642 4298 quam
1670 4203 1781 4276 Graio
1815 4207 1960 4276 nomine
1993 4201 2107 4300 Sigen
2139 4225 2280 4282 vocant.
2330 4253 2331 4301 ἢ

248 4299 319 4380 bili
344 4308 465 4382 modo.
519 4303 611 4375 Nam
631 4307 731 4377 vides
755 4306 930 4400 praesidia
949 4301 1105 4374 humana
1137 4305 1237 4375 nulla
1289 4299 1398 4374 Eram
1421 4307 1593 4374 missurus
1616 4331 1762 4376 aureum
1785 4307 1977 4390 nomisma,
2002 4311 2194 4400 quodcum
2215 4307 2279 4378 ho-
2329 4389 2330 4392 Ἴ

249 4433 334 4483 esse.
384 4398 764 4497 NecmihiSpirenses
786 4407 942 4480 actiones
964 4407 1114 4497 placent.
1163 4403 1238 4476 Pax
1289 4406 1347 4474 die
1366 4429 1515 4524 guaero,
1539 4429 1711 4497 nusquam
1726 4409 1881 4480 invenio.
1933 4407 2135 4498 Praecipuit
2151 4411 2281 4504 aliquis
2329 4397 2330 4457 l

249 4504 427 4582 nCaroIo
445 4507 594 4601 petitur,
621 4508 769 4594 sedita,
793 4523 835 4580 ut
853 4507 1087 4577 verecundius
1103 4506 1238 4599 petive-
1290 4501 1492 4584 nicoterae
1512 4507 1659 4594 opinor,
1680 4522 1740 4578 aut
1763 4533 1825 4598 ego
1847 4511 2098 4591 obtulissem,
2123 4537 2196 4603 quo
2228 4535 2281 4581 re·

245 4599 325 4684 ⁴rint
338 4608 608 4682 Lacedaemonii
630 4630 752 4699 pacem
774 4611 819 4679 ab
833 4603 1129 4694 Atheniensibus,
1158 4633 1238 4677 curn
1289 4606 1480 4699 posuerim.
1533 4604 1629 4675 Bene
1651 4609 1739 4683 vale.
1792 4610 1915 4680 Mense
1931 4607 2075 4682 Martio.

134 4705 136 4720 ¹
250 4714 346 4785 cives
360 4713 406 4782 ad
419 4709 548 4804 Pylum
562 4711 601 4778 in
618 4709 734 4778 insula
752 4709 972 4780 circumcessi
987 4723 1110 4782 essent.
1141 4705 1239 4777 Bene
1909 4778 1917 4792 ,
1937 4777 1944 4792 ,

249 4815 348 4900 vale,
373 4807 581 4885 dicXVlll.
599 4809 708 4885 Mart.
759 4805 855 4881 Aula
872 4809 997 4878 danica
1014 4832 1112 4900 spem
1133 4803 1241 4879 habet
1850 4771 2038 4867 P¹¹¹¹¹PP¹¹⁵
2057 4773 2236 4846 Melttssih·

252 4916 360 5012 pacis.

1296 4970 1501 4984 m

813 4969 1002 5101 Philippus
1016 5005 1202 5085 Melana.

1328 5113 1358 5180 ¹²)
1377 5109 1522 5165 Pantanus.
1540 5111 1570 5166 C.
1585 5113 1641 5168 W.

1330 5193 1377 5264 *ἢ
1395 5193 1437 5248 Dc
1450 5212 1534 5250 coena
1546 5215 1566 5250 s.

259 5179 488 5200 m

293 5313 324 5382 ⁶)
348 5311 433 5368 Anno
452 5306 527 5362 rste.
545 5304 657 5360 ederant
670 5299 757 5374 'legati
783 5305 893 5358 Ducum
915 5302 1060 5360 Pomersn.
1074 5307 1247 5380 Vitebergee3

327 5379 442 5436 fortasse
454 5377 535 5449 igitur
549 5373 627 5446 epist.
640 5371 759 5427 adhunc
772 5389 873 5428 annum
886 5375 1010 5445 pertinet.
