4722 5808
210 237 286 316 755
795 227 1230 309 EPISTOLARUM
1282 229 1388 310 LlB.
1421 229 1486 308 IX.
1541 227 1673 308 1545.
2187 227 2262 303 756

217 399 378 486 Clariss.
411 405 506 482 Viro
531 401 756 482 Eruditione
789 413 820 476 et
847 405 976 476 virtute
1000 401 1213 504 praestanti
1265 418 1395 498 quente
1412 399 1552 490 habita,
1579 402 1735 475 ostendit
1749 391 2192 496 ImperatoremCaralum
2209 427 2263 473 se-

225 509 315 584 VVo
324 509 467 610 lsgan
474 535 531 605 go
545 504 746 580 Musoni
753 533 793 594 o,
817 505 1005 606 Episcopo
1021 504 1211 578 Ecclesiae
1265 520 1430 578 cnturum
1454 530 1527 576 esse
1551 505 1690 601 Synodi
1713 507 1944 593 sententiam,
1969 531 2118 600 eamque
2140 508 2263 575 defen-

218 611 479 708 Aagastanae,
503 609 567 708 pio
592 619 623 682 el
639 605 756 704 fideli
777 611 895 682 amico
916 635 984 680 sao
1007 609 1211 682 carissimo.
1263 631 1398 682 surum.
1457 607 1576 678 Huius
1606 609 1802 679 orationem
1832 623 1865 680 et
1887 607 1997 699 Regis
2020 601 2265 679 Ferdinandi

217 741 322 832 Μ)
383 757 674 830 Deumetemum
688 756 831 828 patrem
847 751 1213 828 DominilesuChri-
1265 711 1398 800 legatus
1419 713 1625 782 subsecutus
1642 724 1703 781 est.
1759 707 1838 781 Etsi
1860 712 1964 782 initia
1988 712 2127 806 aliquid
2142 711 2263 800 magni

221 814 363 943 ,florib
398 876 438 931 u,
461 872 576 931 servet
606 853 703 929 hunc
727 856 987 952 Hemaliumr)
1018 861 1129 930 civem
1152 884 1214 928 ve·
1265 814 1499 904 pollicentur,
1532 826 1651 882 tamen
1673 815 1836 884 nondum
1854 829 1939 905 puto
1957 815 2149 908 quicquam
2171 813 2263 882 serio

221 979 351 1048 strum,
377 987 482 1056 quem
498 985 600 1054 spero
623 985 751 1051 magno
773 963 853 1032 usui
872 976 906 1033 et
923 974 1131 1032 ornamento
1150 984 1213 1051 pa·
1266 939 1367 1004 ³3⁰oe
1388 910 1477 996 τοὺς
1502 910 1702 1032 ἀρχιερέας·
1761 914 1835 986 Nec
1859 929 2143 1035 timebamus
2165 939 2264 985 ffl²⁰⁵

221 1065 308 1135 ,riae
330 1067 490 1136 futurum
522 1087 605 1136 esse·
664 1063 864 1134 Meministi
887 1063 1036 1134 psalmi:
1070 1059 1213 1132 Beatus
1266 1042 1503 1108 prorsuscura
1519 1018 1681 1087 liberast.
1704 1017 1839 1088 Verum
1855 1041 2003 1088 memini
2019 1015 2112 1089 hanc
2127 1041 2264 1100 vocem,

222 1165 295 1254 air,
319 1165 386 1264 qni
396 1160 613 1264 pharetram
635 1161 776 1236 talibas
800 1161 882 1235 telis
897 1163 1088 1239 instruxit.
1140 1158 1213 1232 Fe.
1267 1143 1424 1237 'mimia
1447 1133 1481 1189 le
1505 1144 1647 1212 ‘imque
1670 1115 1759 1238 ¹¹¹¹h}
1786 1135 1985 1238 “fella-[³¹¹¹.
2019 1118 2264 1238 lacta-curam

224 1267 284 1340 lix
305 1267 434 1338 civim,
460 1265 499 1336 in
522 1292 596 1365 qm,
619 1260 788 1337 homines
803 1265 964 1361 ingeniis
980 1265 1087 1336 bonis
1103 1289 1213 1363 prae·
1266 1235 1365 1294 tuam
1381 1219 1555 1291 mDeum.
1589 1219 1637 1290 Et
1651 1245 1691 1291 ex
1705 1235 1777 1292 tues
1794 1223 1932 1307 litteris,
1959 1237 1992 1292 et
2008 1247 2049 1290 ex
2064 1245 2263 1292 amrcorum

224 1367 311 1454 dili,
343 1379 374 1440 d
400 1367 534 1440 litteris
554 1393 599 1439 ac
620 1367 749 1439 virtute
773 1369 944 1439 instrum·
961 1378 993 1438 et
1013 1365 1138 1438 Deum
1165 1367 1214 1436 u·-
1266 1323 1471 1396 narratione
1501 1322 1660 1412 intelligo
1691 1319 1873 1394 honestam
1898 1339 1932 1396 et
1956 1325 2132 1416 placidam
2157 1323 2264 1394 luisse

223 1481 357 1544 mentes
382 1466 634 1570 provehantur
662 1467 718 1541 ad
751 1468 1017 1566 gubernacula.
1085 1471 1210 1540 Talem

222 1591 341 1648 autem
356 1599 429 1646 esse
446 1577 516 1644 iam
530 1569 748 1644 Henzeliam
764 1577 930 1662 adfirmo,
952 1601 992 1644 ac
1006 1588 1039 1644 te
1056 1583 1158 1663 rogo,
1173 1585 1213 1642 ut

224 1703 304 1750 eum
318 1691 479 1748 amanter
493 1677 732 1770 amplectaris,
756 1679 959 1768 praesertim
974 1692 1051 1747 tum
1073 1690 1107 1745 te
1123 1701 1213 1768 quo-

224 1807 292 1876 que
316 1781 418 1849 valde
441 1780 575 1868 diligat.
632 1775 826 1850 Ecclesiam
848 1779 887 1848 in
909 1779 987 1870 ripa
1009 1777 1169 1848 Danubii
1193 1801 1213 1847 a
1266 1755 1412 1822 egregffl'
1888 1849 1889 1854 ,

224 1899 260 1954 te
281 1883 339 1974 pie
358 1883 583 1952 constitutam
600 1903 672 1950 esse
694 1885 842 1972 gaudeo.
893 1881 1086 1970 Tigurinos
1109 1881 1233 1949 doleo·
1367 1880 1422 1951 De
1437 1877 1585 1952 Dassio
1599 1883 1734 1974 optimo
1749 1883 1826 1952 viro
1846 1883 1972 1953 sariam
1990 1897 2152 1953 accurate
2167 1886 2264 1978 quod

226 2000 259 2056 et
274 1986 505 2054 immoderate
520 1983 759 2074 respondisse,
780 1997 815 2054 et
830 1983 1009 2053 miscuisse
1023 1985 1214 2052 absurdam
1268 1985 1377 2076 petis,
1406 1986 1533 2054 vellem
1559 2009 1641 2054 eum
1662 1981 1869 2054 Bavaricam
1897 1987 1995 2054 illam
2018 1987 2263 2058 conditionem

1266 1523 1358 1596 mihi
1396 1529 1539 1597 videtur
1582 1551 1656 1595 non
1691 1529 1990 1598 contemnendum
2032 1551 2123 1612 esse,
2168 1530 2263 1621 quod

1266 1627 1443 1721 Principis
1468 1631 1632 1699 voluntas
1659 1631 1893 1722 conspicitur,
1927 1654 2008 1721 erga
2036 1627 2264 1700 Academiam

1267 1421 1514 1516 catastrophen
1529 1438 1725 1496 vestrarum
1743 1426 2029 1512 contentionum,
2049 1427 2089 1494 in
2108 1450 2180 1520 qua
2197 1421 2264 1494 hoc
2339 1455 2340 1472 ¹

226 2087 432 2178 opinionem
456 2088 501 2155 de
524 2079 750 2179 Ethnicis²).
803 2085 885 2156 Non
904 2099 957 2155 est
971 2082 1128 2155 Ecclesia
1147 2083 1215 2154 Dei
1268 2109 1368 2154 ame
1391 2087 1460 2178 ipsi
1483 2087 1655 2171 delatam,
1689 2110 1764 2157 non
1786 2102 2011 2178 aspernatum
2035 2112 2120 2162 esse.
2174 2087 2265 2158 Nam
2341 2089 2342 2124 ³

226 2191 265 2258 in
295 2214 334 2258 ea
367 2201 486 2273 coetu,
518 2186 583 2257 ubi
606 2211 750 2280 prorsus
774 2188 874 2258 nulla
903 2187 1148 2278 promissionis
1170 2189 1214 2255 cle
1268 2188 1329 2257 ille
1352 2202 1473 2259 noster
1494 2183 1698 2273 Ascanius,
1732 2190 1796 2259 etsi
1819 2203 1871 2260 est
1895 2191 1951 2258 vir
1974 2191 2111 2276 bonus,
2145 2203 2265 2260 tamen

224 2286 367 2362 Christo
390 2291 516 2362 notitia
541 2303 610 2372 est,
638 2291 737 2360 nulla
755 2315 821 2360 vox
840 2286 1047 2380 Evangelii,
1074 2290 1214 2358 nullum
1268 2290 1464 2360 amicorum
1488 2315 1607 2361 caussa
1630 2315 1705 2359 non
1726 2307 1870 2381 pugnat.
1922 2291 2123 2362 Meministi
2146 2305 2264 2361 autem

223 2393 473 2465 ministerium.
532 2389 650 2460 Miror
676 2417 739 2462 cur
771 2392 950 2462 cumulare
981 2391 1062 2460 odia
1092 2391 1215 2463 velint.
1269 2393 1358 2462 illud
1375 2389 1495 2477 Alcei,
1522 2407 1561 2463 ut
1579 2395 1707 2478 fertur,
1735 2387 1905 2487 adplene
1927 2387 2061 2492 λόγον,
2087 2385 2118 2466 d
2143 2391 2264 2490 ἑταῖρε

228 2497 317 2566 Ate
341 2495 459 2564 literas
483 2507 516 2564 et
537 2493 657 2582 flagito
679 2512 712 2566 et
734 2506 908 2586 exspecto.
958 2490 1051 2562 Dum.
1076 2491 1216 2585 Geryo·
1267 2489 1410 2588 μαθών
1426 2490 1513 2575 τούς
1527 2490 1700 2594 ἀγαθοὺς
1717 2489 1826 2592 φίλει.
1877 2501 1956 2568 τῶν
1970 2491 2103 2570 δειλῶν
2117 2490 2158 2568 δ’
2177 2491 2265 2567 ἀπί-

227 2623 292 2668 nea
305 2593 343 2690 ³)
364 2597 475 2666 amice
497 2589 665 2664 salutabis
685 2598 773 2664 meis
795 2595 923 2668 verbis.
982 2593 1089 2664 Mitto
1114 2594 1216 2664 vobis
1264 2622 1358 2690 χου,
1380 2592 1497 2696 prode
1514 2593 1570 2668 ὅτι
1584 2591 1717 2669 decede
1730 2592 1838 2696 ὀλίγα
1849 2591 1971 2696 χάρις.

227 2723 355 2790 paucas
376 2699 548 2788 pagellas,
582 2691 676 2765 nihil
706 2699 800 2766 enim
830 2693 1005 2767 habebam
1027 2697 1215 2770 recentius.

226 2799 324 2871 Bene
336 2813 370 2870 et
388 2801 536 2871 feliciter
553 2799 639 2868 vale.
691 2799 726 2873 7.
744 2797 888 2896 Maii.⁴)
916 2793 1065 2896 (1545.)

737 2897 925 2994 Philippus
941 2896 1167 2974 Melanthon.

1369 2741 1479 2818 Petro
1495 2760 1529 2818 et
1545 2748 1680 2819 litteras
1697 2760 1775 2818 tuas
1790 2749 1943 2834 reddidi,
1957 2763 1992 2820 et
2007 2749 2122 2820 detuli
2131 2745 2262 2844 Egra-

1270 2873 1340 2922 nae
1354 2845 1493 2920 scholae
1515 2850 1824 2940 gubernationem,
1850 2852 1914 2922 etsi
1936 2852 2086 2944 optarim
2110 2876 2186 2922 esse
2207 2877 2263 2922 ex·

1270 2953 1478 3026 citatiorem.
1536 2947 1749 3038 Boiemum',
1787 2953 1831 3022 de
1862 2979 1933 3047 quo
1966 2954 2110 3040 scribis,
2143 2955 2263 3025 iudico

1270 3059 1407 3127 bonum
1430 3069 1465 3126 et
1485 3055 1628 3127 doctum
1649 3054 1767 3125 virum
1792 3079 1884 3141 esse,
1910 3059 1970 3126 sed
1991 3057 2035 3126 ad
2051 3057 2264 3148 disputatio-

1270 3183 1332 3229 nes
1343 3153 1564 3228 scholasticas
1577 3182 1651 3226 non
1666 3156 1821 3226 arbitror
1835 3160 2079 3231 assuefactum.
2132 3157 2264 3229 Gravi-

227 3297 294 3371 No.
312 3299 425 3375 3133·
1069 3314 1104 3374 7·
1117 3306 1204 3375 Maii·
1271 3262 1375 3332 tasin
1391 3284 1432 3330 eo
1450 3273 1517 3344 est,
1539 3254 1706 3353 gentis)
1721 3260 1865 3351 propria
1883 3275 1917 3332 et
1932 3285 2021 3353 pene
2040 3261 2188 3334 tristior.

231 3393 403 3424 W„
1040 3398 1211 3428 ὈΝ

514 3157 1217 3168 —-——--—————-——·---———-—--—-·—·

1369 3411 1512 3483 Cultros
1525 3404 1726 3482 Laterensi
1737 3413 1928 3482 mittendos
1944 3415 2075 3504 delegi,
2098 3428 2139 3484 ut
2163 3416 2202 3483 in
2224 3438 2263 3483 eo

499 3498 649 3586 ῙοαοῘι.
684 3499 942 3588 Camerario.
1269 3539 1413 3608 genere,
1439 3515 1602 3607 optimos.
1639 3513 1709 3586 Sed
1725 3515 1861 3584 mittam
1876 3539 1939 3608 per
1954 3517 2064 3586 alium
2079 3517 2263 3588 nuncium.

285 3656 378 3728 Epist.
391 3657 425 3712 nd
440 3658 579 3716 Camerar.
596 3679 624 3734 p.
638 3660 689 3716 ⁵14
706 3681 747 3734 sq.
774 3661 826 3730 (ed.
840 3659 929 3730 band.
945 3658 994 3715 lib.
1011 3659 1059 3717 lV.
1079 3680 1122 3733 ep.
1136 3663 1217 3734 665.).
1269 3618 1373 3690 Nunc
1388 3618 1483 3687 enim
1499 3616 1651 3686 scribere
1668 3641 1742 3686 non
1755 3630 1865 3689 vacat·
1917 3614 2131 3705 oeiimbls’
2157 3620 2263 3690 Ulll'

1269 3725 1349 3807 des,
1374 3715 1467 3790 nihil
1483 3721 1682 3789 concedunt
1696 3732 1866 3810 tempora.

227 3800 453 3884 Clarissimo
478 3813 555 3885 viro
577 3809 779 3884 eruditione
804 3824 836 3883 et
861 3813 990 3885 virtute
1008 3813 1221 3914 praestanti

226 3909 256 3984 I
260 3909 384 3986 uach.
419 3909 691 3988 Camerario
718 3909 964 4012 Pabergensi,
1005 3921 1124 3991 amico
1150 3946 1218 3992 sao

658 4043 786 4090 caries.

1370 3873 1424 3944 De
1448 3867 1614 3942 Fuchsio
1630 3873 1731 3942 valde
1752 3874 1866 3966 probo
1890 3875 2077 3944 consilium
2094 3890 2262 3948 vestrum.

1273 3973 1388 4050 οἶσθα
1410 3969 1451 4048 δὲ
1462 3971 1580 4069 χολὴν
1599 3978 1668 4046 τοῦ
1689 3979 1762 4048 νῦν
1778 3968 2036 4071 ἇριστεύοντος
2060 3975 2101 4048 ἐν
2123 3978 2263 4073 ἰατροῖς

1271 4074 1518 4176 ὑμετέροιςῖ).
1574 4074 1666 4152 Eius
1686 4091 1785 4148 metu
1806 4079 1968 4148 timidius
1984 4081 2097 4169 probo
2120 4096 2261 4152 senten-

226 4155 272 4246 S.
298 4169 344 4244 D.
394 4169 557 4240 Tandem
575 4172 684 4262 igitur
700 4185 835 4242 certum
851 4185 901 4241 est
916 4167 1218 4240 venisseTriden-
1272 4183 1358 4252 tiam
1380 4205 1524 4260 eorum,
1557 4179 1619 4273 qui
1642 4174 1835 4250 Fuchsium
1858 4203 1973 4250 acrem
2001 4182 2118 4251 virum
2147 4207 2259 4254 accer-

153 4291 156 4296 '
226 4291 303 4348 tum
318 4277 408 4345 duos
423 4274 554 4362 legatos
569 4272 794 4355 Pontificius,
822 4286 856 4343 et
872 4259 1009 4340 Caroli
1022 4268 1219 4362 Imperato-
1272 4298 1365 4355 sunt.
1425 4283 1493 4353 Sed
1523 4281 1589 4354 tibi
1612 4295 1761 4374 uterque
1784 4281 1903 4352 notior
1927 4296 1994 4362 est,
2029 4309 2135 4378 quam
2161 4279 2259 4354 mihi.

226 4381 276 4448 ris
290 4379 462 4467 legatum,
484 4376 546 4469 qui
562 4377 722 4446 oratione
739 4377 778 4445 in
793 4397 957 4446 consessu
972 4376 1134 4444 nondum
1148 4375 1218 4445 fre·
1269 4386 1324 4458 De
1339 4385 1466 4456 litteris
1481 4376 1793 4453 Fuchsiiasfirmo
1812 4385 1906 4454 hona
1921 4385 2008 4470 fide,
2032 4410 2089 4454 me
2107 4410 2205 4457 nunc
2219 4387 2261 4455 ab

1270 4511 1311 4558 eo
1334 4481 1450 4556 ex‘his
1472 4486 1645 4556 nundinis
1669 4481 1763 4555 nihil
1786 4487 1985 4557 litterarum
2005 4488 2200 4578 accepisse,
2223 4512 2260 4558 ae

225 4583 432 4599 -n-n———fl

1270 4589 1429 4680 suspicor
1453 4587 1533 4656 illas
1557 4588 1752 4681 dequibus
1774 4588 1914 4674 scribit,
1947 4590 2160 4682 interceptas
2191 4613 2259 4659 esse

259 4677 816 4819 ¹)tilii‘llllihl'eiiillhfflm'Hm
844 4677 904 4734 Via.
918 4679 995 4751 ‘⁹⁵⁸¹'
1004 4679 1031 4735 ἀ·
1040 4679 1066 4736 ‘³'
1074 4683 1099 4736 ⁵·
1108 4681 1217 4757 septbr.
1268 4691 1313 4762 ab
1328 4690 1391 4759 illo
1406 4689 1483 4781 ipso
1498 4689 1732 4760 audacissimo
1746 4685 1911 4776 homine,
1928 4693 1972 4761 de
1987 4717 2059 4785 quo
2075 4693 2188 4763 locuti
2203 4717 2258 4762 su-

247 4809 287 4909 e)
307 4837 369 4891 vta.
385 4851 467 4904 supra
480 4851 539 4903 epp.
552 4833 578 4887 d.
589 4833 631 4887 et.
645 4837 711 4905 apr.
723 4831 846 4902 scripu..
1268 4815 1365 4875 mus,
1397 4815 1478 4861 cum
1508 4792 1586 4865 istic
1616 4815 1738 4867 essem.
1799 4789 1898 4864 Bene
1918 4793 2015 4880 vale,
2049 4791 2152 4869 Vlll.
2177 4791 2255 4864 Idus

259 4929 287 4984 at
308 4925 457 4992 Geryonen
474 4918 493 4972 i.
516 4935 540 4970 e.
562 4916 673 4972 Gereon
689 4915 726 4971 Se
744 4920 800 4984 ier,
825 4916 876 4969 Dr.
896 4915 968 4970 med.
991 4918 1128 4990 Augustae
1142 4919 1212 4973 Vin·
1267 4891 1369 4964 Malla

278 4985 348 5048 'det
387 4989 447 5041 Vid.
462 4985 575 5040 Lutberi
589 4986 665 5056 epist.
684 4991 709 5054 (e
731 4985 785 5043 ‚de
801 4985 908 5054 Wett.)
921 4984 954 5040 T.
967 4984 1015 5041 lV.
1030 5007 1056 5057 p.
1071 4989 1133 5049 612,
1152 4991 1213 5046 613,
1938 5029 1947 5047 ,
1967 5030 1975 5047 ‚
2214 5012 2217 5025 .

290 5065 351 5118 641.
370 5057 601 5128 (Foerstemann)
1136 5067 1145 5082 ·
1880 5024 2013 5123 Philip.
2035 5027 2206 5104 Melanlh.

257 5145 382 5230 4)·l)iem
402 5153 428 5196 et
448 5153 570 5221 mensem
593 5137 749 5259 nondpabep
762 5136 940 5259 Sppnerng4p.
960 5139 1039 5202 ast„
1057 5161 1210 5265 quanppam
1265 5217 1471 5230 -..-....

291 5210 762 5348 :iffipl.³gptts.crsicpecppt=E3issppm.,
780 5211 893 5348 deagliliat
908 5210 1141 5350 llVi—tteulliilgaanei
1156 5221 1213 5334 hortu-⁹
1450 5323 1457 5336 .

290 5373 327 5408 no
348 5367 445 5420 nempe
466 5347 542 5401 1525.
565 5347 692 5414 quamvis
714 5363 771 5398 non
788 5347 984 5412 subscripserit
1008 5349 1063 5401 nesi
1082 5354 1156 5404 diem
1182 5361 1210 5406 et
1300 5323 1326 5391 ¹)
1346 5322 1498 5378 mmm*

287 5419 450 5475 mensem.”
468 5444 504 5454 -
532 5415 754 5484 Foersternanm)
1296 5421 1326 5486 Ξ)
1345 5421 1519 5479 Auerbacbii.
1556 5424 1589 5478 C.
1604 5423 1652 5478 W
