4754 5806
171 148 272 320 ¹aa,
805 215 1247 320 nrrsronanuu
1296 217 1493 302 nram
1545 223 1682 304 1ses.
2208 228 2259 306 aa

223 399 308 494 quia
330 399 422 486 scio,
453 393 752 472 Scholasticomm
775 395 898 466 literas
915 403 946 466 a'
956 394 1214 466 mercatoribus
1263 407 1317 468 tas
1332 395 1492 486 publicas
1508 397 1723 468 calamitates
1737 397 1866 470 accersi
1880 399 1953 480 illis
1966 399 2053 494 ipsis
2066 399 2260 474 nanda

222 501 520 592 negligentissime
540 499 669 574 curari.
720 493 899 569 Oduram
912 497 1078 570 militiam
1101 495 1216 567 nostri
1263 497 1380 572 nibus.
1431 494 1611 570 Accidunt
1629 499 1725 568 enirn
1740 501 1877 593 impiis,
1903 525 1994 594 quae
2006 503 2076 573 sibi
2087 503 2175 594 ipsis
2188 503 2260 572 im-

224 603 383 688 ordinis,
407 625 496 696 quae
522 625 602 672 curn
623 599 812 692 praecipua
830 597 926 670 vitae
948 599 1044 669 bona
1067 611 1217 682 tueatur,
1263 611 1464 690 precantur.
1514 597 1613 670 Haec
1625 602 1754 670 vellem
1771 603 1816 671 de
1837 603 1963 694 poenis
1984 605 2069 674 addi
2091 605 2130 673 in
2153 627 2258 674 recu-

225 717 347 775 tamen
361 727 436 774 non
453 703 568 774 solum
583 701 841 787 contemnitur,
862 700 1047 770 sedetiam
1070 699 1111 769 in
1132 699 1216 770 odio
1263 701 1403 788 dendo,
1429 701 1646 791 amplissime
1661 703 1732 772 dici
1753 717 1903 794 possunt
1923 707 1968 774 de
1988 719 2175 797 praecepto
2198 727 2258 775 se-

226 820 278 878 est
291 791 478 876 Centauris
495 801 837 876 etloeneratoribus.
888 799 959 872 Sed
973 802 1218 874 ferendasunt
1263 803 1398 872 cundo:
1438 824 1512 871 non
1544 795 1694 873 habebit
1715 799 1823 876 Deus
1856 803 2035 874 insontem
2057 830 2154 889 eum,
2217 804 2260 876 ui

225 901 311 978 haec
328 903 517 1004 ἀναγκαῖα
538 897 656 990 κακά,
684 917 718 974 et
739 902 824 974 forti
845 902 965 973 animo
987 904 1076 977 sero.
1125 896 1219 972 Aca-
1265 909 1420 1001 usurpat
1444 913 1574 973 nomen
1594 899 1673 973 Dei
1694 929 1795 976 vane.
1846 902 2092 978 Ostendissem
2110 907 2155 982 D.
2211 933 2257 977 a·

226 1007 343 1078 demia
360 1021 501 1092 nostra,
521 1004 591 1077 Dei
604 1005 793 1090 beneficio,
818 999 934 1074 adhuc
951 1003 1143 1096 tranquilla
1153 1015 1220 1074 est.
1265 998 1368 1074 thera
1383 1019 1462 1076 tuas
1478 1001 1803 1104 propositiones*)‚
1827 1009 1899 1076 nisi
1922 1011 2074 1079 nuncius
2094 1011 2259 1080 festinas-

227 1106 330 1180 Dete
346 1132 446 1200 saepe
469 1108 670 1202 loquimur,
695 1119 729 1176 et
750 1129 957 1196 precamur,
981 1118 1023 1176 ut
1044 1105 1220 1175 instaura-
1266 1120 1328 1176 set.
1384 1103 1433 1176 Et
1471 1131 1568 1177 nunc
1602 1107 1686 1200 quia
1712 1111 1835 1179 aderat
1857 1103 2042 1180 Marchio
2072 1107 2257 1192 Athenas,

227 1209 320 1280 tioni
338 1205 577 1279 Ecclesiarum
600 1221 797 1278 vestrarum
817 1203 914 1277 Deus
935 1219 1098 1278 aeternus
1120 1217 1221 1298 pater
1266 1199 1450 1280 Casimiri
1469 1208 1564 1278 filius
1589 1203 1673 1305 (der
1685 1203 1849 1306 Seleelm)
1867 1205 1927 1304 *')
1954 1235 2028 1282 non
2052 1214 2152 1304 potui
2175 1237 2257 1282 cnm

228 1310 367 1382 domini
380 1309 494 1382 nostri
509 1308 591 1380 Iesu
605 1303 741 1380 Christi
755 1308 858 1384 adsit.
1267 1333 1309 1380 co
1331 1311 1375 1379 de
1398 1305 1463 1378 hac
1487 1333 1526 1378 re
1545 1311 1655 1404 loqui.
1707 1308 1806 1380 Bene
1826 1325 1862 1381 et
1882 1313 2032 1384 feliciter
2048 1315 2137 1384 vale.
2187 1313 2258 1384 Die

328 1441 435 1514 Hunc
463 1440 676 1533 Magistrum
705 1434 976 1511 Lovaniensem
1000 1433 1220 1511 Martinam
1267 1435 1338 1503 quo
1361 1410 1559 1480 celebratur
1579 1413 1749 1481 memoria
1773 1413 1928 1485 mirandi
1950 1414 2073 1504 agonis
2098 1415 2163 1484 lilii
2175 1413 2259 1499 Dei,

227 1543 296 1615 tibi
319 1546 540 1614 commendo.
595 1539 670 1614 Diu
689 1542 759 1613 luit
781 1542 924 1612 auditor
944 1555 1080 1628 noster,
1112 1557 1147 1614 et
1170 1556 1221 1613 cst
1266 1512 1306 1581 ³¹¹
1322 1536 1392 1630 ‘1¹¹9
1406 1511 1583 1582 ³⁰⁵¹i¹¹⁸¹¹⁵
1596 1513 1684 1630 {¹³¹⁰
1701 1510 1771 1582 Dei
1786 1516 1953 1585 adierim
1975 1529 2095 1586 ¹¹⁰⁸ffl¹
2116 1530 2258 1608 picem

230 1645 378 1735 integer.
427 1643 537 1736 Cupit
552 1644 686 1714 servire
706 1643 813 1714 alicui
829 1639 1005 1714 Ecclesiae
1025 1645 1122 1736 apud
1145 1667 1220 1720 vos.
1265 1635 1473 1702 ⁸⁸¹¹ti⁰¹¹¹²m
1489 1615 1628 1683 sudal'st
1648 1627 1683 1684 εἴ
1699 1639 1762 1705 l'ro
1788 1617 1893 1686 ¹¹⁰bi⁸
1916 1631 2077 1707 Precatus
2103 1632 2172 1698 0⁵¹2
2198 1616 2261 1686 ἰΰ-

230 1743 350 1835 Qum
369 1741 533 1842 cureris)
551 1745 814 1816 ,inflationem
827 1738 965 1824 haberi·
1159 1809 1167 1824 ἱ
1267 1716 1407 1808 quiens:
1432 1721 1554 1808 pater,
1580 1709 1772 1807 sanctifica
1788 1739 1846 1786 eos
1862 1716 1903 1786 in
1924 1715 2071 1788 acritate
2092 1727 2169 1792 tna.
2219 1713 2259 1788 Ο

375 1879 384 1896 .
470 1879 519 1897 ,,
728 1879 737 1896 ,
902 1873 905 1880 .
1168 1877 1178 1896 ,
1267 1814 1348 1886 Iesu
1368 1812 1525 1899 Christe,
1557 1815 1693 1886 filiDei
1716 1818 1809 1903 vivi,
1834 1821 2001 1889 exsuscita
2025 1821 2065 1888 in
2088 1820 2259 1890 cordibus

328 1875 438 1950 M¹u⁰
453 1879 521 1952 ¹¹b¹
536 1879 624 1951 ‘¹⁰³⁵
638 1879 906 1964 ⁶⁰n⁰¹¹¹¹¹⁰¹¹l²⁵‘
932 1901 1082 1972 quarum
1098 1877 1221 1948 leem*
1266 1889 1396 1986 nostiis
1416 1917 1633 2006 agnitionem
1651 1919 1740 1990 tanti
1757 1921 1809 1989 tui
1827 1920 2007 2004 beneficii,
2028 1936 2063 1992 et
2083 1944 2148 1991 nos
2163 1944 2258 2010 rege..

229 1987 312 2050 neni
334 1981 400 2050 tibi
419 2005 494 2050 non
517 1981 799 2064 insuavemlore
822 1981 987 2095 arbitror.
1037 1977 1220 2070 Imperties
1267 2017 1394 2090 Amen.
1445 2016 1603 2088 salutem
1617 2033 1700 2110 opto
1716 2021 1782 2090 tofi
1796 2019 2009 2094 familiam·
2024 2017 2258 2094 Sturdadm·

231 2094 265 2152 et
296 2082 372 2151 seni
402 2095 523 2153 nostro
548 2079 691 2153 Nestori
720 2071 913 2155 Caesareo.
971 2079 1069 2150 Tuas
1101 2079 1220 2150 literas
1265 2117 1594 2190 Libellosreoemes
1607 2121 1708 2192 mino
1725 2122 1833 2210 duos,

229 2182 431 2252 avidissime
449 2196 610 2274 expecto,
640 2181 744 2252 velte
766 2183 882 2273 ipsum
905 2181 1035 2272 potius.
1085 2178 1220 2272 Belgici

229 2282 317 2353 belli
330 2285 440 2354 furias
457 2285 563 2354 ctiam
577 2279 673 2354 Dens
688 2297 851 2354 aeternus
867 2283 963 2376 pacis
979 2296 1082 2353 antor
1097 2282 1219 2374 oppri-
1246 2285 1254 2294 '
2069 2252 2136 2333 Ph·
2151 2255 2206 2332 M·

228 2399 312 2455 mat.
363 2384 432 2456 Sed
449 2399 532 2456 sunt
542 2383 663 2456 fatales
679 2407 832 2475 poenae,
853 2407 940 2477 quas
955 2397 1074 2456 tamen
1089 2397 1130 2454 ut
1149 2384 1217 2452 mi-

229 2486 316 2575 tiget
337 2482 435 2556 Deus
461 2509 612 2574 oremus.
663 2481 804 2573 Quaeso
827 2498 868 2556 ut
888 2479 984 2555 hunc
1005 2481 1217 2574 Magistrum

227 2583 485 2656 Lovaniensem
515 2585 606 2658 serio
627 2595 649 2656 a
671 2610 728 2655 me
751 2588 1034 2657 commendatum
1056 2585 1123 2656 tibi
1145 2609 1217 2656 csse
1277 2607 1473 2688 N⁰52554
1527 2679 1537 2685 .
1702 2667 1710 2681 ,
2086 2626 2145 2696 24·
2163 2627 2246 2692 Mart

228 2683 346 2758 ducas.
393 2685 491 2758 Bene
504 2687 593 2764 vale.
642 2687 705 2762 20.
721 2685 866 2782 Martii..
1276 2712 1500 2742 m
2079 2677 2256 2750 »ηιξ

967 2781 1167 2882 Philippus.
1457 2799 1659 2916 Creeiger
1679 2801 1742 2888 ad
1761 2802 2069 2894 Scholasticos.

1331 2973 1439 3050 Scripta
1453 2978 1530 3050 publ.
1544 2977 1631 3034 head.
1643 2976 1758 3034 Witeb.
1777 2979 1811 3038 Τ.
1825 2981 1846 3040 l.
1864 3001 1891 3056 p.
1903 2982 1947 3039 69.

222 3107 420 3235 Q.
875 3222 878 3228 Ι
1036 3114 1216 3236 Q·
1286 3121 1422 3200 Rector
1449 3123 1670 3201 Academiae
1701 3125 1756 3201 D.
1787 3121 1970 3232 Caspar
2004 3127 2231 3235 Craaiger
2322 3133 2329 3144 ⁸
2373 3113 2374 3127 ἵ

589 3229 654 3348 Ῑὸ.
684 3261 851 3375 [lango.
1553 3227 1592 3302 Τ
1590 3225 1783 3326 heolagiae
1807 3229 1961 3313 Ductor.

315 3427 335 3495 †
354 3424 392 3478 Er
406 3423 560 3497 apographo
575 3423 606 3478 in
617 3423 681 3482 aad.
695 3423 783 3482 Goth.
797 3423 859 3479 ³99.
877 3441 905 3496 p.
920 3424 968 3479 169
975 3423 1003 3479 b,

1857 2145 1946 2216 quos
1965 2125 2059 2194 dono
2075 2125 2155 2200 tibi.

1262 3343 1414 3454 Semper
1427 3362 1584 3436 Ecclesia
1601 3362 1670 3436 Dei
1685 3368 1881 3438 doctrinam
1904 3373 2018 3445 tenuit
2040 3378 2083 3446 de
2099 3377 2256 3466 victima,

1263 3489 1332 3558 qua
1350 3465 1402 3534 ira
1415 3463 1483 3534 Dei
1499 3467 1668 3556 placatur.
1718 3465 1808 3537 Nam
1826 3465 1891 3541 hac
1905 3473 1979 3564 ipsa
2000 3502 2086 3548 voce
2109 3483 2256 3553 condita

223 3573 449 3653 Clarissima
465 3579 562 3664 aira,
587 3581 716 3653 dietate
734 3589 766 3652 et
782 3577 984 3652 eruditione
997 3581 1229 3680 praestanti,
1263 3561 1505 3684 ⁰⁵&oestle
1528 3591 1593 3636 ¹¹²⁰
1609 3568 1679 3638 ³¹5⁰
1692 3571 1800 3640 ¹11⁰d0
1818 3575 1962 3644 accendi
1984 3578 2069 3648 fides
2092 3589 2126 3651 c't
2148 3583 2255 3654 invo-
2371 3597 2372 3601 ’

221 3681 275 3754 D,
297 3678 512 3757 Iohanni
531 3677 718 3777 hungo,
743 3677 1064 3771 motorium„
1097 3683 1216 3755 amico
1263 3680 1534 3764 catropossunt,
1558 3668 1628 3737 nisi
1646 3665 1752 3740 huius
1765 3671 1928 3743 immensi
1951 3681 2106 3752 muneris
2122 3685 2257 3774 cogita-

482 3807 551 3855 ,uo
571 3783 680 3854 mm·
697 3783 956 3876 ,pucarifflmo’
1262 3767 1370 3838 tione.
1419 3765 1580 3842 Fuerunt
1595 3769 1704 3860 igitur
1718 3773 1802 3842 inde
1815 3797 1927 3868 usque
1942 3778 1987 3847 ab
2009 3781 2113 3852 initio
2134 3811 2257 3858 mense
2370 3793 2371 3837 l

221 3897 266 3986 s·
290 3915 335 3994 D·
386 3913 589 3989 clarissime
611 3913 658 3989 D·
677 3913 812 3988 Ductor
841 3929 876 3988 et
897 3915 1007 3987 amice
1029 3917 1215 3992 carissime·
1263 3893 1371 3939 verno
1386 3871 1462 3938 veri
1476 3869 1631 3942 Pascatis
1646 3871 1817 3962 imagines
1831 3888 1867 3945 ct
1887 3883 2117 3954 ceremoniae.
2166 3884 2257 3957 Cer.

223 4015 262 4088 si
279 4044 353 4090 non
372 4043 559 4111 possumus
582 4042 704 4090 omnes
728 4019 959 4090 contumelias
978 4021 1134 4089 nominis
1159 4021 1215 4088 di-

222 4120 300 4188 v'ini
320 4121 511 4210 reprimere
535 4133 596 4190 aut
616 4120 762 4204 delere,
786 4134 904 4190 tamen
930 4139 1125 4208 pugnemus
1149 4144 1214 4190 nos

224 4221 444 4292 semimortui
458 4245 499 4290 ac
516 4220 641 4304 laceri,
668 4234 708 4291 ut
727 4217 820 4290 latro
840 4243 1029 4290 conversus
1051 4221 1090 4288 in
1113 4245 1215 4291 cruce

1264 4083 1413 4140 mortem
1435 4067 1588 4156 Christi,
1624 4074 1898 4147 manducatione
1920 4105 2003 4150 vero
2025 4084 2256 4175 significatam

1262 4171 1422 4240 beneficii
1436 4172 1717 4264 applicationem.
1760 4171 1814 4246 Ac
1829 4179 1933 4250 multi
1949 4183 2165 4274 existimant,
2191 4216 2257 4261 eo·
2368 4211 2369 4228 ¹

225 4322 399 4393 refutabat
418 4321 494 4390 blas
518 4315 563 4390 he
602 4321 683 4389 iam.
730 4318 838 4391 Hunc
859 4321 992 4390 cultum
1010 4317 1087 4390 Deo
1137 4346 1214 4391 rae·
1262 4273 1342 4342 dem
1364 4273 1453 4342 anni
1475 4287 1633 4366 ωροτε
1652 4275 1873 4347 imm⁰¹³¹⁴³m
1894 4281 2091 4362 melfiae·
2141 4287 2256 4362 Arbi-

495 4343 517 4411 Ρ
565 4345 599 4396 m
1112 4346 1135 4413 p
1261 4386 1402 4444 trantur
1425 4385 1460 4444 et
1481 4369 1575 4444 Abel
1598 4377 1721 4445 eodem
1743 4380 1830 4446 anni
1851 4392 2007 4474 tempore
2027 4385 2256 4464 interfectum
2367 4399 2368 4446 1

225 4439 374 4508 ⁵¹⁰m¹¹⁵’
405 4437 445 4540 uf
473 4422 549 4540 &¹3⁸
572 4421 736 4538 nimiam
757 4447 797 4492 ³⁰
821 4423 1052 4492 reverentiam
1074 4422 1215 4516 aliqum
1261 4497 1344 4548 esse.
1404 4473 1566 4544 Tandem
1597 4476 1691 4547 filins
1719 4475 1787 4546 Dei
1819 4505 1898 4571 pers
1925 4486 2012 4555 icuis
2041 4491 2179 4562 testimo
2209 4497 2236 4514 ''

226 4549 306 4594 rum
322 4524 501 4594 mentibus
518 4523 742 4595 rnstrllemus.
794 4520 913 4610 Quare
938 4537 973 4594 et
996 4524 1213 4594 voluntatem
1260 4577 1394 4646 mundo
1411 4570 1607 4661 exhibitus,
1630 4578 1837 4648 sacrificium
1867 4507 1970 4654 suem,
1992 4569 2073 4660 sepit
2116 4593 2155 4662 fn
2173 4519 2256 4690 03:1¹3
2366 4579 2367 4604 ¹

2081 4645 2091 4676 Ξ

226 4639 372 4696 tuamet
387 4624 577 4696 sententias
594 4623 844 4714 disputationis
864 4625 989 4716 probo.
1039 4622 1214 4694 infaustae
1279 4675 1288 4692 .
1353 4675 1442 4744 lt.
1535 4675 1601 4746 D.
1640 4681 1663 4747 d
1986 4687 1995 4706 ι
2151 4696 2193 4714 ..

227 4741 310 4797 sunt
333 4725 566 4796 contumeliae
586 4721 673 4809 Dei,
704 4725 792 4794 falsa
817 4725 979 4814 dogmata
1002 4727 1157 4816 periuria
1182 4740 1215 4796 et
1261 4699 1352 4745 sunu
1382 4700 1399 4744 Ε
1430 4701 1520 4746 “³¹¹¹
1570 4702 1639 4748 ⁰¹³
1666 4703 1785 4749 “¹⁸⁰⁸
1807 4698 1963 4756 ”mmm
1984 4695 2255 4774 'mmussdtclem

227 4841 326 4899 ortae
353 4852 394 4896 ex
423 4827 575 4920 quadam
603 4825 783 4896 teterrima
806 4825 949 4896 levitate
971 4828 1215 4912 execrationes,

228 4955 317 5024 quae
332 4927 441 4997 nullis
456 4941 538 4998 sunt
559 4927 777 5012 usitatiores,
801 4953 907 5020 quam
923 4928 982 5011 iis,
1007 4929 1069 5019 qui
1090 4929 1215 4998 dicun-

229 5046 289 5102 tur
304 5025 499 5104 christiani.
534 5023 661 5098 Orem
676 5029 830 5099 tristem!
865 5027 938 5100 Nec
953 5029 1097 5114 dubito,
1122 5029 1216 5098 mul·
1296 5074 1532 5147 nvtderureoe
1544 5075 1588 5133 [ο.

1249 5181 1254 5190 ,
1331 5145 1391 5198 Ert.
1407 5145 1484 5200 1⁵4³.

239 5281 241 5286 Δ
981 5295 987 5308 ι
1070 5293 1077 5308 .
1297 5225 1346 5296 aa)
1364 5227 1411 5280 En
1431 5227 1558 5310 tilbertus
1582 5229 1747 5298 cognomina
1767 5230 1914 5292 Achilleus.
1960 5240 2184 5306 Additamentum
2200 5261 2255 5310 der

265 5301 293 5372 1)
309 5299 416 5354 ,urens
435 5295 530 5372 scripsi
546 5315 598 5372 pra
617 5298 738 5354 wratis.
754 5351 761 5366 ,
779 5295 905 5352 Fortasse
920 5301 1020 5350 rectius
1041 5303 1138 5350 etratus
1169 5313 1218 5350 eu·
1331 5295 1445 5350 Setaetm
1466 5298 1632 5380 (perennata
1645 5299 1780 5354 inclusum
1805 5303 1874 5377 en),
1895 5303 2001 5364 ridetur
2018 5311 2174 5385 protectum
2195 5343 2253 5382 esse

296 5370 408 5426 rabitis.
1331 5365 1365 5418 ab
1379 5383 1430 5440 eo,
1446 5383 1493 5437 qur
1507 5377 1584 5437 eprst·
1596 5364 1668 5423 hanc
1677 5367 1828 5440 descripsit.
1867 5401 1870 5408 ·

1262 4790 1296 4846 et
1310 4777 1518 4856 immensam
1530 4779 1809 4851 misericordiam
1826 4807 1905 4876 erga
1921 4809 2030 4878 genus
2054 4787 2255 4871 humanum
2365 4807 2366 4818 *

1601 5075 1711 5147 langii
1723 5079 1784 5151 „de
1795 5079 1887 5156 impiis
1904 5083 2061 5146 iuramentis
2079 5081 2255 5168 dispendo!
2323 5083 2327 5091 ,

1262 3983 1411 4041 tumeat
1435 3971 1531 4038 enim
1561 3971 1773 4044 mactatione
1803 3977 1886 4065 agni
1919 3979 2148 4068 significatam
2179 4012 2255 4060 esse
2369 3985 2370 4012 ³
