4670 5806
221 249 295 334 sss
799 231 1241 329 sersaonaaoor
1287 251 1395 332 aaa.
1423 251 1488 334 nt
1539 251 1674 335 rste
2181 259 2262 336 sse

222 428 332 501 bavit.
382 422 460 518 Ego
475 423 705 498 utilissimum
718 419 838 495 iudico
853 424 985 496 talibus
998 426 1139 518 scriptis
1154 427 1211 494 iu-
1260 440 1338 512 tor,
1363 426 1517 498 libenter
1543 453 1583 499 ea
1598 429 1778 504 adinrare.
1829 426 1948 504 Tanta
1965 439 2015 502 e'st
2039 444 2156 502 alitem
2174 455 2259 504 eru·

223 519 363 604 tardum
388 528 532 599 accendi
554 527 648 595 bon'a
672 527 826 616 ingenia.
877 527 1016 618 Legunt
1033 530 1127 598 enim
1147 531 1213 597 ali·
1262 529 1351 600 ditio
1384 528 1424 598 iu
1451 525 1677 622 philosophia
1703 545 1739 602 et
1763 533 1895 620 graecis
1921 547 1957 603 et
1987 533 2107 602 latinis
2134 535 2261 618 literis,

224 635 286 728 qcri
305 631 389 702 boni
407 645 440 700 et
454 627 724 699 commonefacti
738 631 783 697 de
798 629 871 700 reb.
887 625 1045 700 honestis
1060 631 1213 720 diligen·
1248 641 1361 722 ‚canta
1374 629 1517 702 virtutis
1540 646 1575 702 ct
1597 633 1708 701 animi
1724 633 1920 704 moderatio
1944 633 1984 704 in
2002 629 2073 710 boc
2092 631 2262 719 Simone,

223 738 293 807 tius
315 731 480 823 cogitant.
541 725 590 800 Et
619 727 706 800 haec
727 725 903 828 ἐπαγωγὰ
935 732 1047 820 magis
1070 733 1214 824 capiunt
1262 745 1304 802 ut
1319 732 1358 800 in
1373 728 1564 802 Academia
1587 747 1709 804 uostm
1733 734 1881 806 adactis
1898 737 2070 806 omuibus
2091 751 2126 808 et
2149 739 2261 808 bonis

223 838 380 920 animos,
405 855 510 926 qoam
527 830 656 922 scripta
671 828 874 930 iisysrrtsroi.
926 830 1045 922 Quare
1065 835 1213 924 tibipro
1262 836 1398 904 cunctis
1421 833 1569 925 plurimi
1591 837 1662 906 liat.
1712 833 1766 906 Ac
1788 859 1909 927 spero,
1934 839 2114 922 futurum,
2146 839 2262 910 utli-

222 937 280 1010 bis
292 935 411 1030 operis
427 931 583 1012 Ecclesia
600 933 729 1022 gratias
744 947 833 1024 aget,
857 948 892 1006 et
909 957 973 1025 ego
990 933 1214 1006 nomibcEc-
1262 936 1387 1006 benter
1413 959 1496 1006 eum
1525 937 1808 1029 complectamini
1837 952 1984 1026 cogente
2014 939 2090 1008 eius
2113 939 2263 1022 virtute,

222 1041 349 1113 clasiae
364 1059 459 1108 nnnc
476 1035 544 1105 tibi
559 1036 687 1125 gratias
704 1057 780 1124 ago.
1262 1038 1324 1106 sed
1346 1035 1437 1105 illud
1455 1038 1562 1108 etiam
1586 1063 1670 1124 oro,
1695 1055 1753 1124 ut,
1778 1039 1806 1106 si
1822 1038 1889 1110 erit
1904 1039 2058 1122 occasio,
2084 1041 2263 1110 adiuvare

230 1172 234 1178 ·
324 1140 366 1214 ,Si
388 1160 524 1230 possem
548 1138 666 1206 abesse
689 1138 733 1205 ab
748 1132 957 1220 Academia,
995 1159 1214 1206 excurrerem
1263 1161 1345 1208 eum
1366 1138 1514 1212 velletis.
1565 1139 1648 1209 Non
1673 1164 1814 1232 operam
1840 1163 1939 1210 suam
1956 1136 2095 1216 scholae
2112 1133 2263 1212 Cator-

225 1247 270 1315 ad
292 1257 344 1321 te,
379 1255 419 1310 nt
442 1261 536 1308 meas
557 1239 625 1308 tibi
650 1239 808 1307 miserias
830 1261 1058 1328 exponerem,
1095 1251 1128 1306 et
1151 1253 1213 1307 tuo
1260 1237 1400 1333 ginnas
1415 1233 1564 1325 obtulit,
1590 1243 1635 1310 de
1649 1266 1721 1335 qna
1734 1242 1877 1311 eumad
1891 1239 2262 1314 meSenatusCobur-

225 1345 374 1418 consilio
391 1355 519 1412 uterer.
547 1339 842 1410 Arbitrabariras
859 1339 1010 1430 placatas
1025 1363 1109 1411 esse.
1143 1337 1214 1408 Sed
1263 1340 1380 1430 gensis
1407 1342 1564 1434 scripsit,
1598 1343 1816 1414 circationem
1848 1336 1955 1414 buius
1984 1335 2109 1436 ἠθεῖ’).
2174 1345 2263 1414 Scio

224 1470 355 1518 nora-m
378 1442 661 1513 criminationem
686 1441 847 1531 coniugis
868 1437 1023 1510 aRbeui
1045 1440 1123 1531 ripa
1145 1441 1215 1508 mi·
1263 1443 1376 1528 enim,
1401 1465 1477 1511 non
1493 1443 1608 1516 solum
1625 1445 1825 1514 eruditione
1841 1445 2020 1533 praeclare
2043 1445 2263 1516 instructum

225 1551 270 1642 sit
285 1541 342 1642 il).
396 1541 475 1614 Etsi
500 1541 604 1612 video
634 1554 809 1635 quantum
846 1542 892 1610 sit
921 1542 1120 1625 dedecoris,
1161 1556 1215 1610 ta·
1247 1557 1358 1628 'esse,
1390 1545 1453 1612 sed
1479 1544 1585 1615 etiam
1609 1545 1758 1614 consilio
1784 1543 1940 1634 pollere,
1974 1545 2158 1614 accidere
2183 1571 2263 1638 qno

224 1674 307 1721 meu
336 1659 377 1717 ut
407 1646 446 1714 in
474 1644 595 1732 malis,
644 1635 887 1737 αἱρετώτερον
914 1643 1073 1721 videtur,
1120 1657 1215 1732 post·
1263 1644 1402 1728 ordine,
1422 1668 1492 1738 qua
1506 1645 1564 1714 via
1579 1645 1775 1716 inventutis
1789 1645 1904 1714 studia
1922 1644 1961 1714 in
1975 1646 2087 1716 literis
2104 1650 2264 1736 regenda

158 1791 162 1796 -
226 1774 332 1846 qoam
355 1748 454 1816 illam
477 1768 590 1816 annos
609 1767 739 1814 novem
760 1741 1135 1816 omnibcontnmeliis
1155 1769 1216 1814 ve-
1264 1759 1299 1816 et
1320 1741 1548 1837 provehenda
1570 1745 1653 1820 sint.
1707 1745 1883 1816 Valetudo
1905 1767 1989 1816 eum
2007 1741 2191 1830 bortatur,
2220 1763 2263 1820 nt

225 1852 340 1934 rasit,
362 1872 459 1919 nrrnc
474 1871 551 1918 eam
564 1845 723 1929 restitui,
749 1869 830 1915 cum
857 1868 895 1912 se
917 1867 1057 1914 causam
1073 1859 1215 1914 nactum
1264 1847 1305 1914 in
1319 1846 1469 1937 patriam
1486 1848 1626 1932 redeat,
1651 1846 1787 1940 alioqui
1799 1845 1837 1914 in
1847 1841 2037 1916 Academia
2053 1849 2171 1918 locum
2190 1845 2263 1918 ho-

225 1957 299 2024 esie
322 1951 488 2022 clamitat.
548 1946 677 2019 Sanari
703 1970 758 2016 res
781 1942 939 2016 humano
970 1945 1118 2014 consilio
1141 1969 1217 2016 non
1264 1960 1405 2017 nestum
1427 1942 1616 2019 habiturus
1636 1961 1731 2034 erat,
1757 1961 1791 2018 et
1811 1943 1975 2028 babebit,
1997 1948 2187 2042 siquando
2215 1953 2263 2022 ad

225 2066 350 2147 potest.
410 2049 534 2142 ltaque
564 2060 705 2118 tantum
728 2069 749 2115 a
771 2045 848 2117 Deo
870 2059 1013 2115 aeterno
1030 2045 1217 2137 patreDo-
1264 2071 1342 2120 eam
1357 2048 1508 2129 redibit,
1535 2051 1634 2142 qrrod
1644 2050 1791 2142 quidem
1810 2049 1924 2118 facere
1944 2073 2025 2120 eum
2047 2071 2265 2140 magnopere

224 2157 315 2226 mini
331 2151 445 2222 nostri
461 2148 541 2220 lesu
555 2143 691 2224 Christi
705 2147 878 2221 auxilium
901 2161 937 2219 et
954 2161 1095 2238 petatur
1109 2163 1143 2220 et
1157 2174 1217 2218 ex·
1264 2149 1429 2242 optarim.
1479 2147 1571 2220 Nam
1592 2150 1623 2219 si
1645 2152 1684 2220 in
1703 2145 1769 2221 bac
1791 2149 1997 2220 assiduitate
2015 2150 2176 2224 discendi
2194 2149 2263 2221 ab-‘

225 2269 391 2351 pectetur.
431 2251 471 2324 Si
485 2251 572 2345 qnid
587 2248 844 2338 significabitur
858 2249 926 2319 tibi
941 2245 1069 2319 barum
1086 2273 1218 2336 rerum,
1265 2243 1417 2320 solveret
1432 2245 1599 2322 inchoata
1613 2246 1862 2343 philosophiae
1877 2251 2014 2336 studia,
2028 2273 2157 2341 magno
2177 2277 2262 2322 eum

225 2384 290 2452 pro
324 2369 384 2426 tua
418 2351 607 2444 prudentia
637 2363 673 2421 et
703 2363 825 2421 nostra
852 2349 1005 2421 amicitia
1031 2351 1218 2437 indicabis,
1265 2353 1679 2424 ornamentonniversae
1698 2351 1913 2424 Germaniae
1933 2353 2008 2422 lore
2023 2375 2097 2422 non
2114 2355 2264 2426 dubita-

226 2471 397 2554 quantum
422 2455 521 2530 iratis
531 2446 591 2546 **)
614 2453 830 2522 credendum
847 2452 904 2521 sit.
952 2451 1042 2522 Nam
1067 2474 1129 2544 ego
1153 2477 1218 2524 nec
1264 2475 1350 2528 reso.
1402 2451 1483 2542 Qua
1505 2455 1549 2523 de
1571 2477 1610 2524 re
1639 2453 1792 2544 cogitare
1814 2475 1878 2522 vos
1897 2454 2059 2544 optarim.
2109 2452 2202 2524 Nam
2231 2457 2263 2526 si

225 2557 376 2650 litigari,
403 2581 467 2625 nec
481 2555 646 2624 dimicari
669 2577 749 2624 cnm
769 2577 948 2652 quoquam
967 2551 1069 2637 volo,
1091 2577 1217 2650 meque
1264 2550 1332 2627 hoc
1346 2553 1531 2643 ingenium
1546 2550 1748 2646 provehetis
1764 2570 1798 2627 et
1811 2548 2025 2624 authoritate
2032 2567 2148 2624 vestra
2161 2561 2261 2646 apud

226 2679 260 2733 et
285 2662 373 2730 alios
393 2681 468 2727 non
492 2657 568 2726 sine
589 2677 718 2744 magno
733 2656 857 2726 dolore
874 2655 1048 2746 reprimo,
1073 2657 1134 2730 sed
1158 2681 1218 2725 ex·
1264 2654 1464 2748 principem
1479 2656 1711 2744 adiuvabitis,
1733 2657 1828 2726 inter
1845 2668 1980 2726 caetera
1996 2670 2111 2728 vestra
2130 2661 2264 2730 merita

225 2777 324 2856 pecto
341 2752 510 2828 'divinum
535 2757 727 2828 auxilium:
756 2757 905 2849 simplex
939 2757 1127 2826 consilium
1152 2753 1219 2827 ba·
1264 2779 1345 2848 arga
1367 2757 1626 2848 rempublicam
1642 2752 1711 2828 hoc
1733 2779 1876 2850 quoque
1898 2755 2108 2826 beneficium
2130 2782 2263 2828 nume-

225 2869 314 2949 beo,
338 2873 375 2934 et
391 2863 438 2932 do
451 2860 547 2934 islam
564 2858 662 2944 aliis,
685 2872 726 2932 ut
739 2859 875 2950 teratur
890 2859 985 2950 quod
1002 2872 1218 2934 necesseest.
1264 2857 1413 2932 rabitur.
1464 2855 1561 2930 llaec
1586 2857 1710 2950 scripsi
1730 2860 1776 2928 ad
1797 2879 1863 2928 vos
1885 2857 2039 2950 simplici
2052 2857 2191 2944 animo,
2220 2885 2262 2932 ac

225 2966 323 3037 Bone
336 2977 375 3036 ct
386 2961 538 3036 feliciter
549 2961 648 3043 sale,
674 2961 733 3032 die
747 2955 847 3059 XIX.
861 2956 963 3036 Maii.
1264 2982 1351 3051 rogo
1366 2973 1409 3029 ut
1420 2981 1516 3029 meas
1537 2958 1657 3031 literas
1671 2960 1760 3030 boni
1780 2957 1983 3032 consulatis.
2035 2955 2077 3032 B.
2097 2957 2144 3033 V.
2198 2961 2262 3036 19.

316 3095 321 3106 ¹
776 3055 968 3152 Philippus
990 3055 1166 3135 Melanth.
1265 3059 1357 3132 Maii
1376 3056 1489 3136 1544.

227 3296 1203 3332 mmm

226 3463 419 3596 Q
547 3433 550 3440 Ι
1063 3457 1216 3533 19,Μ.ῑῑ,
1264 3433 1331 3511 Νο.
1348 3431 1463 3510 2945.

1058 3528 1441 3582 ww

514 3657 593 3746 Pa.
621 3654 923 3740 Rosaneclcno.
1021 3633 1027 3646 Κ
1562 3631 1622 3718 M.
1652 3631 1964 3755 Meianburgio.

1367 3786 1453 3860 Epist.
1465 3786 1513 3842 lib.
1530 3786 1566 3840 V.
1581 3805 1608 3860 p.
1620 3787 1673 3843 697
1685 3805 1727 3860 sq.

296 3823 318 3895 ἦ·
337 3821 374 3879 Ex
387 3817 542 3894 apographo
556 3818 585 3873 in
600 3817 662 3874 cod.
675 3816 788 3874 Monac.
801 3815 844 3871 90.
860 3833 907 3872 no.
923 3813 980 3871 Vll.
993 3832 1020 3887 p.
1034 3815 1101 3873 orb.
1201 3829 1208 3844 ⁸

1289 3923 1526 4002 Michaeli
1549 3925 1894 4024 Meienburgio,
1927 3919 2090 4002 Consuli
2111 3929 2233 4008 Nort-

227 3975 451 4054 Clnrissimo
469 3975 563 4058 otro,
588 3971 787 4074 prudentio
808 3981 839 4046 et
857 3973 985 4045 virtute
997 3972 1217 4073 praestanti,
1685 4023 1832 4100 husam

227 4081 341 4151 Dum.
358 4071 901 4176 PhilippoRoseneclccr,
926 4073 1085 4162 Ductori
1099 4071 1217 4157 loric,

227 4173 1003 4254 Cancettariolttastrics.12aoisSaron.
1029 4173 1218 4248 lobannis
1265 4143 1309 4236 S·
1330 4161 1376 4238 D·
1428 4162 1523 4236 Mira
1542 4157 1635 4232 mihi
1656 4187 1698 4234 ex
1713 4161 1901 4236 Conventu
1915 4164 2077 4258 Spirensi
2096 4182 2132 4240 et
2147 4171 2262 4242 multa

505 4274 678 4360 Ernesti,
703 4286 958 4376 petronnano,
1266 4267 1481 4338 scribuntur.
1525 4264 1596 4336 Sed
1611 4261 1679 4334 hoc
1693 4266 1922 4357 praecipuum
1938 4283 1999 4338 est.
2040 4267 2174 4340 lterum
2194 4275 2264 4344 erit

1265 4365 1472 4441 Conventus
1485 4389 1606 4436 mense
1622 4361 1794 4447 Octobri,
1822 4368 1860 4434 in
1879 4393 1950 4461 quo
1966 4369 2044 4440 vult
2060 4369 2262 4464 Imperator

1265 4470 1387 4566 perlici
1407 4467 1694 4540 conciliationem
1721 4470 1947 4556 dogmatum,
1980 4485 2040 4564 arat
2070 4473 2145 4563 ipse
2174 4499 2262 4564 pro-

1266 4571 1503 4644 nunciatums
1526 4583 1594 4652 est,
1619 4567 1707 4661 quid
1732 4570 1863 4642 sentire
1887 4571 1931 4640 de
1952 4569 2141 4661 Religione
2167 4573 2263 4644 Ger·

1266 4695 1391 4744 manos
1414 4672 1509 4741 velit.
1562 4668 1602 4740 si
1623 4663 1693 4738 boc
1714 4670 1791 4750 bet,
1815 4693 1907 4738 nova
1925 4686 1959 4740 et
1978 4673 2101 4761 ingens
2118 4689 2262 4765 pertur-

1267 4775 1364 4845 batio
1392 4775 1461 4842 erit
1488 4769 1730 4862 Reipublicae.
1788 4769 1858 4841 Sed
1883 4769 1979 4841 Dens
2014 4770 2098 4844 baec
2131 4779 2262 4865 guber-

1268 4876 1465 5042 nabltlllud
1481 4993 1544 5040 vos
1570 4995 1645 5044 oro.
1697 4926 1802 5041 lltlille
1824 4995 1949 5043 aureos
1962 4978 2054 5066 apud
2079 5001 2134 5046 me
2150 4981 2260 5072 depu-

1265 5076 1340 5146 suit
1369 5073 1504 5166 puella,
1538 5073 1610 5142 filia
1631 5069 1796 5144 Doctoris
1818 5062 2051 5162 Christiani,
2090 5091 2260 5173 tanquam

230 4403 440 4492 clarissime
477 4414 543 4488 vir.
626 4411 718 4484 Cum
763 4411 823 4486 bic
873 4413 1046 4505 Magister
1087 4409 1218 4485 Simon

229 4513 430 4604 Schrvolb,
455 4513 689 4587 consobrinus
706 4513 892 4588 Secretarii
914 4515 1093 4592 Illustciss.
1108 4513 1220 4590 Ducis

230 4622 403 4696 Saxoniae
418 4631 482 4693 etc.
504 4615 681 4708 Principis
702 4613 873 4686 lobannis
889 4615 1051 4704 Ernesti,
1072 4633 1220 4710 propter

229 4723 469 4794 valetudinem
492 4719 531 4787 in
556 4715 706 4810 patriam
729 4719 1022 4808 proficisceretur,
1047 4741 1104 4788 me
1118 4743 1222 4808 roga-

230 4827 301 4910 vit,
327 4837 368 4894 ut
391 4846 427 4892 se
443 4820 546 4891 vobis
570 4821 874 4898 commendarem,
902 4815 1060 4912 qnod'eo
1084 4821 1152 4890 leci
1175 4821 1220 4888 li.

229 4927 389 5010 beotius,
412 4922 496 5018 quia
517 4920 611 5004 scio,
635 4943 699 4990 vos
721 4943 786 5012 pro
801 4919 987 4998 excellenti
1005 4937 1117 4992 vestra
1135 4945 1222 5014 pro-

232 5029 353 5098 dentia
376 5037 410 5095 et
433 5019 550 5094 lavere
563 5019 677 5091 honis
693 5016 866 5112 ingeniis,
893 5037 947 5108 et,
972 5023 1036 5093 ubi
1056 5024 1222 5094 concedi-

235 5209 443 5230 m

1271 5273 1464 5291 -n

266 5315 295 5389 t)
315 5317 455 5390 „Sabinos
468 5315 562 5388 Spirae
575 5311 635 5378 vult
648 5312 790 5384 repudiare
804 5313 922 5388 Plrilippi
933 5313 1055 5371 tutamen
1081 5313 1113 5370 C.
1130 5309 1187 5369 W.

266 5397 491 5482 “itt-§dim
567 5465 571 5472 ,
1172 5426 1176 5435 -
1305 5395 1335 5464 a)
1354 5390 1415 5446 vsa.
1429 5407 1470 5463 ep.
1485 5389 1512 5446 a
1526 5388 1656 5446 uum.
