<?xml version="1.0" encoding="UTF-8"?>
<!DOCTYPE html PUBLIC "-//W3C//DTD XHTML 1.0 Transitional//EN"
    "http://www.w3.org/TR/xhtml1/DTD/xhtml1-transitional.dtd">
<html xmlns="http://www.w3.org/1999/xhtml" xml:lang="en" lang="en">
 <head>
  <title>
</title>
<meta http-equiv="Content-Type" content="text/html;charset=utf-8" />
  <meta name='ocr-system' content='tesseract 3.04.00' />
  <meta name='ocr-capabilities' content='ocr_page ocr_carea ocr_par ocr_line ocrx_word'/>
</head>
<body>
  <div class='ocr_page' id='page_1' title='image "./corpusreformato19melagoog/corpusreformato19melagoog_0108.png"; bbox 0 0 4704 5804; ppageno 0'>
   <div class='ocr_carea' id='block_1_1' title="bbox 79 159 2106 318">
    <p class='ocr_par' dir='ltr' id='par_1_1' title="bbox 79 159 2106 318">
     <span class='ocr_line' id='line_1_1' title="bbox 79 159 2106 318; baseline -0 -33"><span class='ocrx_word' id='word_1_1' title='bbox 79 209 143 288; x_wconf 82' lang='lat' dir='ltr'>us</span> <span class='ocrx_word' id='word_1_2' title='bbox 644 159 1076 284; x_wconf 79' lang='lat' dir='ltr'>umsronn&#39;nuu</span> <span class='ocrx_word' id='word_1_3' title='bbox 1128 207 1241 318; x_wconf 72' lang='lat' dir='ltr'>pto.</span> <span class='ocrx_word' id='word_1_4' title='bbox 1272 208 1338 286; x_wconf 83' lang='lat' dir='ltr'>rx,</span> <span class='ocrx_word' id='word_1_5' title='bbox 1391 209 1524 290; x_wconf 73' lang='lat' dir='ltr'>asca</span> <span class='ocrx_word' id='word_1_6' title='bbox 2031 208 2106 284; x_wconf 72' lang='lat' dir='ltr'>nt</span> 
     </span>
    </p>
   </div>
   <div class='ocr_carea' id='block_1_2' title="bbox 71 373 2115 2086">
    <p class='ocr_par' dir='ltr' id='par_1_2' title="bbox 72 373 2115 1480">
     <span class='ocr_line' id='line_1_2' title="bbox 78 373 2104 474; baseline -0 -21"><span class='ocrx_word' id='word_1_7' title='bbox 78 381 214 453; x_wconf 88' lang='lat' dir='ltr'>ecclesia</span> <span class='ocrx_word' id='word_1_8' title='bbox 226 379 390 450; x_wconf 85' lang='lat' dir='ltr'>omnium</span> <span class='ocrx_word' id='word_1_9' title='bbox 405 393 606 474; x_wconf 87' lang='lat' dir='ltr'>temporum</span> <span class='ocrx_word' id='word_1_10' title='bbox 622 393 716 451; x_wconf 88' lang='lat' dir='ltr'>certo</span> <span class='ocrx_word' id='word_1_11' title='bbox 735 375 966 457; x_wconf 87' lang='lat' dir='ltr'>consilioDei</span> <span class='ocrx_word' id='word_1_12' title='bbox 989 392 1061 448; x_wconf 86' lang='lat' dir='ltr'>tra·</span> <span class='ocrx_word' id='word_1_13' title='bbox 1110 373 1341 473; x_wconf 81' lang='lat' dir='ltr'>glorificubis</span> <span class='ocrx_word' id='word_1_14' title='bbox 1364 401 1429 450; x_wconf 76' lang='lat' dir='ltr'>ma</span> <span class='ocrx_word' id='word_1_15' title='bbox 1494 380 1558 452; x_wconf 85' lang='lat' dir='ltr'>Pie</span> <span class='ocrx_word' id='word_1_16' title='bbox 1579 383 1688 474; x_wconf 86' lang='lat' dir='ltr'>igitur</span> <span class='ocrx_word' id='word_1_17' title='bbox 1711 396 1746 454; x_wconf 91' lang='lat' dir='ltr'>et</span> <span class='ocrx_word' id='word_1_18' title='bbox 1768 382 1946 474; x_wconf 74' lang='lat' dir='ltr'>sapienter</span> <span class='ocrx_word' id='word_1_19' title='bbox 1967 382 2104 452; x_wconf 85' lang='lat' dir='ltr'>faciunt</span> 
     </span>
     <span class='ocr_line' id='line_1_3' title="bbox 78 475 2105 578; baseline -0.001 -24"><span class='ocrx_word' id='word_1_20' title='bbox 78 485 161 568; x_wconf 88' lang='lat' dir='ltr'>dita,</span> <span class='ocrx_word' id='word_1_21' title='bbox 194 481 473 574; x_wconf 80' lang='lat' dir='ltr'>in&#39;deusqueab</span> <span class='ocrx_word' id='word_1_22' title='bbox 495 483 599 554; x_wconf 88' lang='lat' dir='ltr'>initio</span> <span class='ocrx_word' id='word_1_23' title='bbox 624 481 824 572; x_wconf 89' lang='lat' dir='ltr'>inscriptis</span> <span class='ocrx_word' id='word_1_24' title='bbox 847 475 1061 572; x_wconf 73' lang='lat' dir='ltr'><strong>propheticis</strong></span> <span class='ocrx_word' id='word_1_25' title='bbox 1112 481 1249 574; x_wconf 80' lang='lat' dir='ltr'>aliquae</span> <span class='ocrx_word' id='word_1_26' title='bbox 1278 482 1317 550; x_wconf 93' lang='lat' dir='ltr'>in</span> <span class='ocrx_word' id='word_1_27' title='bbox 1342 481 1538 552; x_wconf 79' lang='lat' dir='ltr'>Pannoniis</span> <span class='ocrx_word' id='word_1_28' title='bbox 1570 484 1751 570; x_wconf 87' lang='lat' dir='ltr'>ecelesiae,</span> <span class='ocrx_word' id='word_1_29' title='bbox 1792 508 1881 578; x_wconf 89' lang='lat' dir='ltr'>quae</span> <span class='ocrx_word' id='word_1_30' title='bbox 1904 484 2105 552; x_wconf 81' lang='lat' dir='ltr'>doctrinam</span> 
     </span>
     <span class='ocr_line' id='line_1_4' title="bbox 76 580 2107 676; baseline 0 -22"><span class='ocrx_word' id='word_1_31' title='bbox 76 599 251 668; x_wconf 86' lang='lat' dir='ltr'>tenemus,</span> <span class='ocrx_word' id='word_1_32' title='bbox 302 584 476 652; x_wconf 87' lang='lat' dir='ltr'>discamus</span> <span class='ocrx_word' id='word_1_33' title='bbox 516 607 558 653; x_wconf 87' lang='lat' dir='ltr'>ex</span> <span class='ocrx_word' id='word_1_34' title='bbox 600 582 842 675; x_wconf 91' lang='lat' dir='ltr'>superioribus</span> <span class='ocrx_word' id='word_1_35' title='bbox 883 580 1062 672; x_wconf 86' lang='lat' dir='ltr'>exemplis,</span> <span class='ocrx_word' id='word_1_36' title='bbox 1112 595 1237 652; x_wconf 89' lang='lat' dir='ltr'>curant</span> <span class='ocrx_word' id='word_1_37' title='bbox 1257 584 1460 674; x_wconf 90' lang='lat' dir='ltr'>repurgari,</span> <span class='ocrx_word' id='word_1_38' title='bbox 1498 597 1593 655; x_wconf 85' lang='lat' dir='ltr'>etut</span> <span class='ocrx_word' id='word_1_39' title='bbox 1620 585 1773 676; x_wconf 89' lang='lat' dir='ltr'>populus</span> <span class='ocrx_word' id='word_1_40' title='bbox 1802 587 1840 654; x_wconf 93' lang='lat' dir='ltr'>in</span> <span class='ocrx_word' id='word_1_41' title='bbox 1868 581 1925 654; x_wconf 92' lang='lat' dir='ltr'>his</span> <span class='ocrx_word' id='word_1_42' title='bbox 1952 584 2107 654; x_wconf 85' lang='lat' dir='ltr'>miseriis</span> 
     </span>
     <span class='ocr_line' id='line_1_5' title="bbox 75 681 2115 778; baseline -0.001 -22"><span class='ocrx_word' id='word_1_43' title='bbox 75 683 185 756; x_wconf 86' lang='lat' dir='ltr'>Deum</span> <span class='ocrx_word' id='word_1_44' title='bbox 210 707 348 774; x_wconf 83' lang='lat' dir='ltr'>semper</span> <span class='ocrx_word' id='word_1_45' title='bbox 370 683 537 776; x_wconf 81' lang='lat' dir='ltr'>reliquias</span> <span class='ocrx_word' id='word_1_46' title='bbox 561 685 629 754; x_wconf 86' lang='lat' dir='ltr'>sibi</span> <span class='ocrx_word' id='word_1_47' title='bbox 651 696 692 753; x_wconf 90' lang='lat' dir='ltr'>ut</span> <span class='ocrx_word' id='word_1_48' title='bbox 713 684 763 754; x_wconf 89' lang='lat' dir='ltr'>ita</span> <span class='ocrx_word' id='word_1_49' title='bbox 783 683 917 762; x_wconf 85' lang='lat' dir='ltr'>dicam,</span> <span class='ocrx_word' id='word_1_50' title='bbox 943 706 1062 750; x_wconf 86' lang='lat' dir='ltr'>excer-</span> <span class='ocrx_word' id='word_1_51' title='bbox 1112 683 1387 754; x_wconf 70' lang='lat' dir='ltr'>consolationem</span> <span class='ocrx_word' id='word_1_52' title='bbox 1403 685 1540 753; x_wconf 87' lang='lat' dir='ltr'>firmam</span> <span class='ocrx_word' id='word_1_53' title='bbox 1555 687 1691 771; x_wconf 86' lang='lat' dir='ltr'>audiat,</span> <span class='ocrx_word' id='word_1_54' title='bbox 1723 701 1757 756; x_wconf 90' lang='lat' dir='ltr'>et</span> <span class='ocrx_word' id='word_1_55' title='bbox 1779 711 1824 755; x_wconf 90' lang='lat' dir='ltr'>ne</span> <span class='ocrx_word' id='word_1_56' title='bbox 1840 687 1878 754; x_wconf 91' lang='lat' dir='ltr'>in</span> <span class='ocrx_word' id='word_1_57' title='bbox 1898 681 1953 754; x_wconf 89' lang='lat' dir='ltr'>bis</span> <span class='ocrx_word' id='word_1_58' title='bbox 1971 708 2115 778; x_wconf 37' lang='lat' dir='ltr'>nomen·</span> 
     </span>
     <span class='ocr_line' id='line_1_6' title="bbox 75 777 2103 878; baseline -0.001 -22"><span class='ocrx_word' id='word_1_59' title='bbox 75 801 146 878; x_wconf 90' lang='lat' dir='ltr'>ptas</span> <span class='ocrx_word' id='word_1_60' title='bbox 163 810 204 854; x_wconf 83' lang='lat' dir='ltr'>ex</span> <span class='ocrx_word' id='word_1_61' title='bbox 221 779 406 876; x_wconf 90' lang='lat' dir='ltr'>prophana</span> <span class='ocrx_word' id='word_1_62' title='bbox 428 785 659 856; x_wconf 87' lang='lat' dir='ltr'>multitudine</span> <span class='ocrx_word' id='word_1_63' title='bbox 682 808 835 854; x_wconf 89' lang='lat' dir='ltr'>servasse</span> <span class='ocrx_word' id='word_1_64' title='bbox 859 795 894 852; x_wconf 91' lang='lat' dir='ltr'>et</span> <span class='ocrx_word' id='word_1_65' title='bbox 915 805 976 872; x_wconf 94' lang='lat' dir='ltr'>per</span> <span class='ocrx_word' id='word_1_66' title='bbox 998 777 1061 852; x_wconf 86' lang='lat' dir='ltr'>has</span> <span class='ocrx_word' id='word_1_67' title='bbox 1112 779 1244 854; x_wconf 80' lang='lat' dir='ltr'>Christi</span> <span class='ocrx_word' id='word_1_68' title='bbox 1261 785 1430 859; x_wconf 88' lang='lat' dir='ltr'>deleatur.</span> <span class='ocrx_word' id='word_1_69' title='bbox 1457 784 1529 854; x_wconf 90' lang='lat' dir='ltr'>Nee</span> <span class='ocrx_word' id='word_1_70' title='bbox 1544 811 1627 855; x_wconf 92' lang='lat' dir='ltr'>vero</span> <span class='ocrx_word' id='word_1_71' title='bbox 1644 787 1882 858; x_wconf 86' lang='lat' dir='ltr'>dubitandum</span> <span class='ocrx_word' id='word_1_72' title='bbox 1898 798 1968 870; x_wconf 89' lang='lat' dir='ltr'>est,</span> <span class='ocrx_word' id='word_1_73' title='bbox 1985 783 2103 856; x_wconf 86' lang='lat' dir='ltr'>Deum</span> 
     </span>
     <span class='ocr_line' id='line_1_7' title="bbox 74 881 2106 980; baseline -0.001 -23"><span class='ocrx_word' id='word_1_74' title='bbox 74 881 283 957; x_wconf 71' lang='lat' dir='ltr'>instaurasse</span> <span class='ocrx_word' id='word_1_75' title='bbox 302 899 336 954; x_wconf 93' lang='lat' dir='ltr'>et</span> <span class='ocrx_word' id='word_1_76' title='bbox 352 885 532 954; x_wconf 88' lang='lat' dir='ltr'>ecclesiam</span> <span class='ocrx_word' id='word_1_77' title='bbox 548 901 582 956; x_wconf 90' lang='lat' dir='ltr'>et</span> <span class='ocrx_word' id='word_1_78' title='bbox 597 886 812 970; x_wconf 91' lang='lat' dir='ltr'>doctrinam,</span> <span class='ocrx_word' id='word_1_79' title='bbox 846 884 937 953; x_wconf 86' lang='lat' dir='ltr'>sicut</span> <span class='ocrx_word' id='word_1_80' title='bbox 952 883 990 950; x_wconf 94' lang='lat' dir='ltr'>in</span> <span class='ocrx_word' id='word_1_81' title='bbox 1006 883 1062 952; x_wconf 91' lang='lat' dir='ltr'>di-</span> <span class='ocrx_word' id='word_1_82' title='bbox 1112 885 1149 952; x_wconf 90' lang='lat' dir='ltr'>in</span> <span class='ocrx_word' id='word_1_83' title='bbox 1175 887 1219 953; x_wconf 91' lang='lat' dir='ltr'>iis</span> <span class='ocrx_word' id='word_1_84' title='bbox 1239 885 1327 954; x_wconf 89' lang='lat' dir='ltr'>locis</span> <span class='ocrx_word' id='word_1_85' title='bbox 1349 886 1484 979; x_wconf 86' lang='lat' dir='ltr'>aliquas</span> <span class='ocrx_word' id='word_1_86' title='bbox 1506 887 1574 955; x_wconf 92' lang='lat' dir='ltr'>sibi</span> <span class='ocrx_word' id='word_1_87' title='bbox 1597 888 1780 980; x_wconf 80' lang='lat' dir='ltr'>reliquias,</span> <span class='ocrx_word' id='word_1_88' title='bbox 1813 889 1951 980; x_wconf 86' lang='lat' dir='ltr'>aliquos</span> <span class='ocrx_word' id='word_1_89' title='bbox 1974 901 2106 972; x_wconf 88' lang='lat' dir='ltr'>coetus,</span> 
     </span>
     <span class='ocr_line' id='line_1_8' title="bbox 75 983 2103 1078; baseline -0.001 -21"><span class='ocrx_word' id='word_1_90' title='bbox 75 989 167 1058; x_wconf 85' lang='lat' dir='ltr'>luvio</span> <span class='ocrx_word' id='word_1_91' title='bbox 196 986 351 1056; x_wconf 87' lang='lat' dir='ltr'>servavit</span> <span class='ocrx_word' id='word_1_92' title='bbox 376 987 548 1054; x_wconf 89' lang='lat' dir='ltr'>familiam</span> <span class='ocrx_word' id='word_1_93' title='bbox 569 983 711 1071; x_wconf 89' lang='lat' dir='ltr'>Nohae,</span> <span class='ocrx_word' id='word_1_94' title='bbox 750 999 792 1056; x_wconf 87' lang='lat' dir='ltr'>ut</span> <span class='ocrx_word' id='word_1_95' title='bbox 813 983 1060 1056; x_wconf 85' lang='lat' dir='ltr'>instaurandae</span> <span class='ocrx_word' id='word_1_96' title='bbox 1111 985 1229 1078; x_wconf 91' lang='lat' dir='ltr'>aliqua</span> <span class='ocrx_word' id='word_1_97' title='bbox 1262 987 1396 1071; x_wconf 88' lang='lat' dir='ltr'>studia,</span> <span class='ocrx_word' id='word_1_98' title='bbox 1436 985 1570 1078; x_wconf 88' lang='lat' dir='ltr'>aliquas</span> <span class='ocrx_word' id='word_1_99' title='bbox 1602 983 1738 1076; x_wconf 85' lang='lat' dir='ltr'>scholas</span> <span class='ocrx_word' id='word_1_100' title='bbox 1768 1001 1987 1058; x_wconf 86' lang='lat' dir='ltr'>servaturum</span> <span class='ocrx_word' id='word_1_101' title='bbox 2019 1011 2103 1072; x_wconf 87' lang='lat' dir='ltr'>esse,</span> 
     </span>
     <span class='ocr_line' id='line_1_9' title="bbox 74 1083 2107 1181; baseline -0.001 -22"><span class='ocrx_word' id='word_1_102' title='bbox 74 1089 234 1160; x_wconf 88' lang='lat' dir='ltr'>eeclesiae</span> <span class='ocrx_word' id='word_1_103' title='bbox 249 1087 434 1156; x_wconf 89' lang='lat' dir='ltr'>seminaria</span> <span class='ocrx_word' id='word_1_104' title='bbox 451 1101 577 1161; x_wconf 89' lang='lat' dir='ltr'>essent.</span> <span class='ocrx_word' id='word_1_105' title='bbox 627 1085 704 1171; x_wconf 89' lang='lat' dir='ltr'>Sic,</span> <span class='ocrx_word' id='word_1_106' title='bbox 727 1085 1060 1174; x_wconf 87' lang='lat' dir='ltr'>cumgensiudaica</span> <span class='ocrx_word' id='word_1_107' title='bbox 1110 1088 1174 1156; x_wconf 89' lang='lat' dir='ltr'>ubi</span> <span class='ocrx_word' id='word_1_108' title='bbox 1196 1099 1297 1181; x_wconf 87' lang='lat' dir='ltr'>sonat</span> <span class='ocrx_word' id='word_1_109' title='bbox 1317 1111 1385 1156; x_wconf 86' lang='lat' dir='ltr'>vox</span> <span class='ocrx_word' id='word_1_110' title='bbox 1405 1083 1586 1174; x_wconf 80' lang='lat' dir='ltr'>Evangelii</span> <span class='ocrx_word' id='word_1_111' title='bbox 1610 1089 1758 1158; x_wconf 86' lang='lat' dir='ltr'>sublatis</span> <span class='ocrx_word' id='word_1_112' title='bbox 1779 1089 1904 1172; x_wconf 90' lang='lat' dir='ltr'>idolis,</span> <span class='ocrx_word' id='word_1_113' title='bbox 1942 1102 2107 1158; x_wconf 82' lang='lat' dir='ltr'>streete</span> 
     </span>
     <span class='ocr_line' id='line_1_10' title="bbox 73 1183 2103 1278; baseline -0.002 -18"><span class='ocrx_word' id='word_1_114' title='bbox 73 1193 304 1260; x_wconf 87' lang='lat' dir='ltr'>abduceretur</span> <span class='ocrx_word' id='word_1_115' title='bbox 326 1187 365 1255; x_wconf 91' lang='lat' dir='ltr'>in</span> <span class='ocrx_word' id='word_1_116' title='bbox 384 1183 619 1272; x_wconf 69' lang='lat' dir='ltr'>Chaldaicam,</span> <span class='ocrx_word' id='word_1_117' title='bbox 659 1187 787 1258; x_wconf 88' lang='lat' dir='ltr'>servati</span> <span class='ocrx_word' id='word_1_118' title='bbox 808 1183 957 1270; x_wconf 88' lang='lat' dir='ltr'>Daniel,</span> <span class='ocrx_word' id='word_1_119' title='bbox 991 1185 1061 1254; x_wconf 88' lang='lat' dir='ltr'>Za·</span> <span class='ocrx_word' id='word_1_120' title='bbox 1111 1187 1297 1257; x_wconf 86' lang='lat' dir='ltr'>invocatur</span> <span class='ocrx_word' id='word_1_121' title='bbox 1311 1185 1407 1257; x_wconf 88' lang='lat' dir='ltr'>Deus</span> <span class='ocrx_word' id='word_1_122' title='bbox 1425 1190 1552 1258; x_wconf 84' lang='lat' dir='ltr'>fiducia</span> <span class='ocrx_word' id='word_1_123' title='bbox 1567 1190 1633 1258; x_wconf 87' lang='lat' dir='ltr'>lilii</span> <span class='ocrx_word' id='word_1_124' title='bbox 1650 1189 1865 1262; x_wconf 85' lang='lat' dir='ltr'>mediatoris.</span> <span class='ocrx_word' id='word_1_125' title='bbox 1918 1187 2035 1276; x_wconf 85' lang='lat' dir='ltr'>Quare</span> <span class='ocrx_word' id='word_1_126' title='bbox 2051 1189 2103 1278; x_wconf 86' lang='lat' dir='ltr'>pii</span> 
     </span>
     <span class='ocr_line' id='line_1_11' title="bbox 74 1287 2105 1382; baseline -0.001 -21"><span class='ocrx_word' id='word_1_127' title='bbox 74 1287 205 1361; x_wconf 89' lang='lat' dir='ltr'>charias</span> <span class='ocrx_word' id='word_1_128' title='bbox 224 1303 259 1360; x_wconf 92' lang='lat' dir='ltr'>et</span> <span class='ocrx_word' id='word_1_129' title='bbox 272 1311 398 1378; x_wconf 90' lang='lat' dir='ltr'>magna</span> <span class='ocrx_word' id='word_1_130' title='bbox 413 1287 619 1360; x_wconf 84' lang='lat' dir='ltr'>multitudo.</span> <span class='ocrx_word' id='word_1_131' title='bbox 674 1287 744 1359; x_wconf 91' lang='lat' dir='ltr'>Sed</span> <span class='ocrx_word' id='word_1_132' title='bbox 763 1288 852 1356; x_wconf 91' lang='lat' dir='ltr'>illud</span> <span class='ocrx_word' id='word_1_133' title='bbox 871 1287 1061 1377; x_wconf 88' lang='lat' dir='ltr'>estdeplo-</span> <span class='ocrx_word' id='word_1_134' title='bbox 1110 1289 1243 1380; x_wconf 86' lang='lat' dir='ltr'>ubique</span> <span class='ocrx_word' id='word_1_135' title='bbox 1260 1289 1346 1359; x_wconf 89' lang='lat' dir='ltr'>dent</span> <span class='ocrx_word' id='word_1_136' title='bbox 1359 1313 1520 1382; x_wconf 88' lang='lat' dir='ltr'>operam,</span> <span class='ocrx_word' id='word_1_137' title='bbox 1553 1303 1593 1363; x_wconf 91' lang='lat' dir='ltr'>ut</span> <span class='ocrx_word' id='word_1_138' title='bbox 1609 1291 1763 1361; x_wconf 89' lang='lat' dir='ltr'>ecclesiis</span> <span class='ocrx_word' id='word_1_139' title='bbox 1777 1292 1850 1361; x_wconf 89' lang='lat' dir='ltr'>suis</span> <span class='ocrx_word' id='word_1_140' title='bbox 1865 1313 1947 1360; x_wconf 87' lang='lat' dir='ltr'>vera</span> <span class='ocrx_word' id='word_1_141' title='bbox 1965 1291 2105 1360; x_wconf 86' lang='lat' dir='ltr'>ratione</span> 
     </span>
     <span class='ocr_line' id='line_1_12' title="bbox 72 1388 1689 1480; baseline -0.002 -16"><span class='ocrx_word' id='word_1_142' title='bbox 72 1395 239 1464; x_wconf 90' lang='lat' dir='ltr'>randum:</span> <span class='ocrx_word' id='word_1_143' title='bbox 272 1413 346 1459; x_wconf 90' lang='lat' dir='ltr'>non</span> <span class='ocrx_word' id='word_1_144' title='bbox 360 1411 462 1480; x_wconf 87' lang='lat' dir='ltr'>saepe</span> <span class='ocrx_word' id='word_1_145' title='bbox 477 1403 577 1460; x_wconf 92' lang='lat' dir='ltr'>vetus</span> <span class='ocrx_word' id='word_1_146' title='bbox 592 1389 658 1458; x_wconf 87' lang='lat' dir='ltr'>llos</span> <span class='ocrx_word' id='word_1_147' title='bbox 673 1389 872 1460; x_wconf 87' lang='lat' dir='ltr'>restituitur</span> <span class='ocrx_word' id='word_1_148' title='bbox 886 1402 966 1480; x_wconf 91' lang='lat' dir='ltr'>post</span> <span class='ocrx_word' id='word_1_149' title='bbox 981 1388 1060 1456; x_wconf 87' lang='lat' dir='ltr'>illas</span> <span class='ocrx_word' id='word_1_150' title='bbox 1110 1391 1307 1465; x_wconf 84' lang='lat' dir='ltr'>consulant.</span> <span class='ocrx_word' id='word_1_151' title='bbox 1686 1407 1689 1414; x_wconf 85' lang='lat'>&#39;</span> 
     </span>
    </p>

    <p class='ocr_par' dir='ltr' id='par_1_3' title="bbox 72 1483 1060 1582">
     <span class='ocr_line' id='line_1_13' title="bbox 72 1483 1060 1582; baseline -0.006 -20"><span class='ocrx_word' id='word_1_152' title='bbox 72 1495 225 1582; x_wconf 89' lang='lat' dir='ltr'>insignes</span> <span class='ocrx_word' id='word_1_153' title='bbox 243 1491 465 1562; x_wconf 87' lang='lat' dir='ltr'>mutationes.</span> <span class='ocrx_word' id='word_1_154' title='bbox 528 1489 614 1562; x_wconf 90' lang='lat' dir='ltr'>Post</span> <span class='ocrx_word' id='word_1_155' title='bbox 637 1489 814 1572; x_wconf 89' lang='lat' dir='ltr'>diluvium</span> <span class='ocrx_word' id='word_1_156' title='bbox 837 1501 969 1582; x_wconf 89' lang='lat' dir='ltr'>quanta</span> <span class='ocrx_word' id='word_1_157' title='bbox 990 1483 1060 1558; x_wconf 82' lang='lat' dir='ltr'>ltu-</span> 
     </span>
    </p>

    <p class='ocr_par' dir='ltr' id='par_1_4' title="bbox 72 1589 1059 1684">
     <span class='ocr_line' id='line_1_14' title="bbox 72 1589 1059 1684; baseline -0.008 -20"><span class='ocrx_word' id='word_1_158' title='bbox 72 1595 164 1664; x_wconf 88' lang='lat' dir='ltr'>mani</span> <span class='ocrx_word' id='word_1_159' title='bbox 179 1591 318 1684; x_wconf 88' lang='lat' dir='ltr'>generis</span> <span class='ocrx_word' id='word_1_160' title='bbox 334 1590 577 1676; x_wconf 86' lang='lat' dir='ltr'>imbecillitas,</span> <span class='ocrx_word' id='word_1_161' title='bbox 608 1605 740 1684; x_wconf 88' lang='lat' dir='ltr'>quanta</span> <span class='ocrx_word' id='word_1_162' title='bbox 760 1605 872 1662; x_wconf 89' lang='lat' dir='ltr'>terrae</span> <span class='ocrx_word' id='word_1_163' title='bbox 890 1589 1059 1660; x_wconf 87' lang='lat' dir='ltr'>deformi-</span> 
     </span>
    </p>

    <p class='ocr_par' dir='ltr' id='par_1_5' title="bbox 73 1689 1059 1782">
     <span class='ocr_line' id='line_1_15' title="bbox 73 1689 1059 1782; baseline -0.007 -17"><span class='ocrx_word' id='word_1_164' title='bbox 73 1710 119 1766; x_wconf 89' lang='lat' dir='ltr'>tas</span> <span class='ocrx_word' id='word_1_165' title='bbox 137 1707 258 1764; x_wconf 88' lang='lat' dir='ltr'>secuta</span> <span class='ocrx_word' id='word_1_166' title='bbox 282 1705 343 1760; x_wconf 86' lang='lat' dir='ltr'>est.</span> <span class='ocrx_word' id='word_1_167' title='bbox 394 1689 447 1761; x_wconf 89' lang='lat' dir='ltr'>lta</span> <span class='ocrx_word' id='word_1_168' title='bbox 470 1705 550 1782; x_wconf 91' lang='lat' dir='ltr'>pust</span> <span class='ocrx_word' id='word_1_169' title='bbox 571 1695 752 1763; x_wconf 89' lang='lat' dir='ltr'>reductam</span> <span class='ocrx_word' id='word_1_170' title='bbox 778 1706 917 1782; x_wconf 82' lang='lat' dir='ltr'>gentem</span> <span class='ocrx_word' id='word_1_171' title='bbox 938 1689 1059 1759; x_wconf 85' lang='lat' dir='ltr'>ludai-</span> 
     </span>
    </p>

    <p class='ocr_par' dir='ltr' id='par_1_6' title="bbox 71 1761 2101 2028">
     <span class='ocr_line' id='line_1_16' title="bbox 73 1761 2101 1892; baseline -0.003 -26"><span class='ocrx_word' id='word_1_172' title='bbox 73 1821 143 1866; x_wconf 87' lang='lat' dir='ltr'>cam</span> <span class='ocrx_word' id='word_1_173' title='bbox 166 1820 209 1865; x_wconf 82' lang='lat' dir='ltr'>ex</span> <span class='ocrx_word' id='word_1_174' title='bbox 230 1789 409 1864; x_wconf 90' lang='lat' dir='ltr'>Chaldaea</span> <span class='ocrx_word' id='word_1_175' title='bbox 438 1817 622 1885; x_wconf 91' lang='lat' dir='ltr'>nunquam</span> <span class='ocrx_word' id='word_1_176' title='bbox 654 1794 822 1885; x_wconf 89' lang='lat' dir='ltr'>splendor</span> <span class='ocrx_word' id='word_1_177' title='bbox 851 1791 952 1882; x_wconf 90' lang='lat' dir='ltr'>regni</span> <span class='ocrx_word' id='word_1_178' title='bbox 979 1792 1059 1862; x_wconf 88' lang='lat' dir='ltr'>talis</span> <span class='ocrx_word' id='word_1_179' title='bbox 1111 1761 1307 1888; x_wconf 58' lang='lat' dir='ltr'>Q·</span> <span class='ocrx_word' id='word_1_180' title='bbox 1965 1771 2101 1892; x_wconf 58' lang='lat' dir='ltr'>Q</span> 
     </span>
     <span class='ocr_line' id='line_1_17' title="bbox 71 1889 1693 2028; baseline 0 -62"><span class='ocrx_word' id='word_1_181' title='bbox 71 1898 152 1978; x_wconf 86' lang='lat' dir='ltr'>fuit,</span> <span class='ocrx_word' id='word_1_182' title='bbox 190 1895 308 1990; x_wconf 91' lang='lat' dir='ltr'>qualis</span> <span class='ocrx_word' id='word_1_183' title='bbox 338 1894 407 1964; x_wconf 87' lang='lat' dir='ltr'>fuit</span> <span class='ocrx_word' id='word_1_184' title='bbox 427 1890 578 1962; x_wconf 91' lang='lat' dir='ltr'>Davidis</span> <span class='ocrx_word' id='word_1_185' title='bbox 605 1908 666 1965; x_wconf 88' lang='lat' dir='ltr'>aut</span> <span class='ocrx_word' id='word_1_186' title='bbox 691 1889 864 1964; x_wconf 86' lang='lat' dir='ltr'>Ezechiae</span> <span class='ocrx_word' id='word_1_187' title='bbox 891 1909 1058 1984; x_wconf 89' lang='lat' dir='ltr'>tempore.</span> <span class='ocrx_word' id='word_1_188' title='bbox 1482 1941 1531 2026; x_wconf 80' lang='grc' dir='ltr'><em>Α</em></span> <span class='ocrx_word' id='word_1_189' title='bbox 1563 1943 1611 2028; x_wconf 79' lang='grc' dir='ltr'><em>Α</em></span> <span class='ocrx_word' id='word_1_190' title='bbox 1685 1950 1693 1966; x_wconf 92' lang='grc'><strong>.</strong></span> 
     </span>
    </p>

    <p class='ocr_par' dir='ltr' id='par_1_7' title="bbox 72 1945 1732 2086">
     <span class='ocr_line' id='line_1_18' title="bbox 72 1945 1732 2086; baseline -0.005 -16"><span class='ocrx_word' id='word_1_191' title='bbox 72 1997 253 2070; x_wconf 90' lang='lat' dir='ltr'>Discamus</span> <span class='ocrx_word' id='word_1_192' title='bbox 265 2017 367 2084; x_wconf 90' lang='lat' dir='ltr'>ergo,</span> <span class='ocrx_word' id='word_1_193' title='bbox 397 1989 462 2064; x_wconf 87' lang='lat' dir='ltr'>bas</span> <span class='ocrx_word' id='word_1_194' title='bbox 485 2017 677 2084; x_wconf 87' lang='lat' dir='ltr'>regnorum</span> <span class='ocrx_word' id='word_1_195' title='bbox 700 1995 913 2065; x_wconf 91' lang='lat' dir='ltr'>mutationes</span> <span class='ocrx_word' id='word_1_196' title='bbox 928 2017 1059 2086; x_wconf 89' lang='lat' dir='ltr'>poenas</span> <span class='ocrx_word' id='word_1_197' title='bbox 1533 2013 1541 2028; x_wconf 94' lang='lat'><strong>·</strong></span> <span class='ocrx_word' id='word_1_198' title='bbox 1612 1945 1732 2030; x_wconf 63' lang='lat' dir='ltr'>lem·</span> 
     </span>
    </p>
   </div>
   <div class='ocr_carea' id='block_1_3' title="bbox 72 2083 2212 2289">
    <p class='ocr_par' dir='ltr' id='par_1_8' title="bbox 72 2083 2212 2289">
     <span class='ocr_line' id='line_1_19' title="bbox 72 2083 2212 2194; baseline -0.002 -14"><span class='ocrx_word' id='word_1_199' title='bbox 72 2123 140 2170; x_wconf 68' lang='lat'>0⁵⁵0</span> <span class='ocrx_word' id='word_1_200' title='bbox 155 2110 399 2192; x_wconf 52' lang='lat' dir='ltr'>peccalorum</span> <span class='ocrx_word' id='word_1_201' title='bbox 425 2119 564 2188; x_wconf 66' lang='lat' dir='ltr'><strong>nosque</strong></span> <span class='ocrx_word' id='word_1_202' title='bbox 584 2099 629 2166; x_wconf 62' lang='lat' dir='ltr'>ad</span> <span class='ocrx_word' id='word_1_203' title='bbox 651 2096 905 2187; x_wconf 65' lang='lat' dir='ltr'>poellllessliam</span> <span class='ocrx_word' id='word_1_204' title='bbox 928 2109 962 2166; x_wconf 62' lang='lat' dir='ltr'>el</span> <span class='ocrx_word' id='word_1_205' title='bbox 983 2095 1060 2186; x_wconf 66' lang='lat' dir='ltr'>Ple·</span> <span class='ocrx_word' id='word_1_206' title='bbox 1174 2121 1254 2176; x_wconf 85' lang='lat' dir='ltr'>Edita</span> <span class='ocrx_word' id='word_1_207' title='bbox 1276 2121 1304 2176; x_wconf 89' lang='lat' dir='ltr'>in</span> <span class='ocrx_word' id='word_1_208' title='bbox 1323 2121 1357 2179; x_wconf 87' lang='lat' dir='ltr'>C.</span> <span class='ocrx_word' id='word_1_209' title='bbox 1374 2121 1411 2177; x_wconf 85' lang='lat' dir='ltr'>G.</span> <span class='ocrx_word' id='word_1_210' title='bbox 1427 2121 1574 2178; x_wconf 83' lang='lat' dir='ltr'>Wilisebii</span> <span class='ocrx_word' id='word_1_211' title='bbox 1600 2123 1704 2180; x_wconf 80' lang='lat' dir='ltr'>arcanis</span> <span class='ocrx_word' id='word_1_212' title='bbox 1729 2083 1909 2182; x_wconf 74' lang='lat' dir='ltr'>bibliothecae</span> <span class='ocrx_word' id='word_1_213' title='bbox 1931 2124 2107 2194; x_wconf 70' lang='lat' dir='ltr'>honneberg.</span> <span class='ocrx_word' id='word_1_214' title='bbox 2206 2139 2212 2144; x_wconf 84' lang='lat'><em>·</em></span> 
     </span>
     <span class='ocr_line' id='line_1_20' title="bbox 72 2191 1658 2289; baseline -0.006 -17"><span class='ocrx_word' id='word_1_215' title='bbox 72 2215 175 2272; x_wconf 90' lang='lat' dir='ltr'>tatem</span> <span class='ocrx_word' id='word_1_216' title='bbox 192 2199 401 2280; x_wconf 85' lang='lat' dir='ltr'>excitemus,</span> <span class='ocrx_word' id='word_1_217' title='bbox 432 2209 473 2266; x_wconf 88' lang='lat' dir='ltr'>ut</span> <span class='ocrx_word' id='word_1_218' title='bbox 487 2195 586 2268; x_wconf 92' lang='lat' dir='ltr'>Deus</span> <span class='ocrx_word' id='word_1_219' title='bbox 602 2197 738 2286; x_wconf 88' lang='lat' dir='ltr'>mitiget</span> <span class='ocrx_word' id='word_1_220' title='bbox 758 2220 909 2289; x_wconf 85' lang='lat' dir='ltr'>poenas,</span> <span class='ocrx_word' id='word_1_221' title='bbox 940 2210 974 2267; x_wconf 86' lang='lat' dir='ltr'>et</span> <span class='ocrx_word' id='word_1_222' title='bbox 994 2219 1058 2264; x_wconf 92' lang='lat' dir='ltr'>nos</span> <span class='ocrx_word' id='word_1_223' title='bbox 1212 2209 1240 2263; x_wconf 77' lang='lat' dir='ltr'>t·</span> <span class='ocrx_word' id='word_1_224' title='bbox 1256 2193 1315 2247; x_wconf 77' lang='lat'>¹⁰7·</span> <span class='ocrx_word' id='word_1_225' title='bbox 1332 2191 1477 2263; x_wconf 62' lang='lat' dir='ltr'>(³2⁸⁶ch</span> <span class='ocrx_word' id='word_1_226' title='bbox 1491 2211 1508 2246; x_wconf 62' lang='grc' dir='ltr'><strong>ὃ</strong></span> <span class='ocrx_word' id='word_1_227' title='bbox 1520 2191 1658 2262; x_wconf 64' lang='lat' dir='ltr'>Lunata).</span> 
     </span>
    </p>
   </div>
   <div class='ocr_carea' id='block_1_4' title="bbox 72 2291 2104 2442">
    <p class='ocr_par' dir='ltr' id='par_1_9' title="bbox 72 2291 2104 2442">
     <span class='ocr_line' id='line_1_21' title="bbox 72 2291 2104 2442; baseline 0.01 -48"><span class='ocrx_word' id='word_1_228' title='bbox 72 2317 159 2374; x_wconf 54' lang='lat'>¹⁰¹³</span> <span class='ocrx_word' id='word_1_229' title='bbox 174 2324 256 2370; x_wconf 65' lang='lat'>‘¹¹³⁸</span> <span class='ocrx_word' id='word_1_230' title='bbox 272 2299 439 2389; x_wconf 67' lang='lat' dir='ltr'>¹⁸¹¹q¹¹¹²¹⁵</span> <span class='ocrx_word' id='word_1_231' title='bbox 457 2312 581 2372; x_wconf 56' lang='lat' dir='ltr'>mm·</span> <span class='ocrx_word' id='word_1_232' title='bbox 631 2297 789 2368; x_wconf 72' lang='lat' dir='ltr'>M²¹¹¹¹¹¹⁰</span> <span class='ocrx_word' id='word_1_233' title='bbox 803 2322 888 2368; x_wconf 52' lang='grc' dir='ltr'>ΜΟ</span> <span class='ocrx_word' id='word_1_234' title='bbox 905 2291 963 2378; x_wconf 60' lang='grc' dir='ltr'>Ι”’</span> <span class='ocrx_word' id='word_1_235' title='bbox 996 2321 1058 2390; x_wconf 70' lang='lat'>‘¹¹¹¹</span> <span class='ocrx_word' id='word_1_236' title='bbox 1109 2341 1320 2438; x_wconf 79' lang='lat' dir='ltr'>Reverendo</span> <span class='ocrx_word' id='word_1_237' title='bbox 1333 2344 1438 2431; x_wconf 81' lang='lat' dir='ltr'>viro,</span> <span class='ocrx_word' id='word_1_238' title='bbox 1464 2345 1669 2421; x_wconf 79' lang='lat' dir='ltr'>eruditione</span> <span class='ocrx_word' id='word_1_239' title='bbox 1690 2359 1721 2422; x_wconf 83' lang='lat' dir='ltr'>et</span> <span class='ocrx_word' id='word_1_240' title='bbox 1737 2348 1865 2420; x_wconf 83' lang='lat' dir='ltr'>virtute</span> <span class='ocrx_word' id='word_1_241' title='bbox 1880 2343 2104 2442; x_wconf 78' lang='lat' dir='ltr'>praestanti,</span> 
     </span>
    </p>
   </div>
   <div class='ocr_carea' id='block_1_5' title="bbox 72 2394 2103 2542">
    <p class='ocr_par' dir='ltr' id='par_1_10' title="bbox 72 2394 2103 2542">
     <span class='ocr_line' id='line_1_22' title="bbox 72 2394 2103 2542; baseline 0.016 -68"><span class='ocrx_word' id='word_1_242' title='bbox 72 2407 106 2474; x_wconf 94' lang='lat' dir='ltr'>in</span> <span class='ocrx_word' id='word_1_243' title='bbox 123 2403 186 2474; x_wconf 89' lang='lat' dir='ltr'>tali</span> <span class='ocrx_word' id='word_1_244' title='bbox 200 2399 430 2490; x_wconf 85' lang='lat' dir='ltr'>dissipatione</span> <span class='ocrx_word' id='word_1_245' title='bbox 446 2399 606 2468; x_wconf 88' lang='lat' dir='ltr'>eeclesias</span> <span class='ocrx_word' id='word_1_246' title='bbox 620 2401 838 2490; x_wconf 90' lang='lat' dir='ltr'>gubernant,</span> <span class='ocrx_word' id='word_1_247' title='bbox 863 2394 956 2468; x_wconf 89' lang='lat' dir='ltr'>hane</span> <span class='ocrx_word' id='word_1_248' title='bbox 974 2422 1059 2468; x_wconf 90' lang='lat' dir='ltr'>con-</span> <span class='ocrx_word' id='word_1_249' title='bbox 1109 2447 1164 2520; x_wconf 51' lang='lat' dir='ltr'>D·</span> <span class='ocrx_word' id='word_1_250' title='bbox 1183 2445 1462 2520; x_wconf 52' lang='lat' dir='ltr'><em>Alexandro</em></span> <span class='ocrx_word' id='word_1_251' title='bbox 1487 2439 1668 2536; x_wconf 39' lang='lat' dir='ltr'>Alesia:</span> <span class='ocrx_word' id='word_1_252' title='bbox 1699 2445 2103 2542; x_wconf 55' lang='lat' dir='ltr'>Docponghffllogiae</span> 
     </span>
    </p>
   </div>
   <div class='ocr_carea' id='block_1_6' title="bbox 74 2499 2023 2729">
    <p class='ocr_par' dir='ltr' id='par_1_11' title="bbox 74 2499 2023 2729">
     <span class='ocr_line' id='line_1_23' title="bbox 74 2499 2023 2651; baseline -0.006 -75"><span class='ocrx_word' id='word_1_253' title='bbox 74 2505 277 2576; x_wconf 89' lang='lat' dir='ltr'>solationem</span> <span class='ocrx_word' id='word_1_254' title='bbox 295 2500 426 2592; x_wconf 89' lang='lat' dir='ltr'>populo</span> <span class='ocrx_word' id='word_1_255' title='bbox 444 2514 638 2588; x_wconf 87' lang='lat' dir='ltr'>exponant,</span> <span class='ocrx_word' id='word_1_256' title='bbox 664 2524 710 2568; x_wconf 90' lang='lat' dir='ltr'>ne</span> <span class='ocrx_word' id='word_1_257' title='bbox 723 2499 932 2582; x_wconf 82' lang='lat' dir='ltr'>existiment,</span> <span class='ocrx_word' id='word_1_258' title='bbox 958 2523 1060 2589; x_wconf 88' lang='lat' dir='ltr'>pror·</span> <span class='ocrx_word' id='word_1_259' title='bbox 1190 2548 1324 2621; x_wconf 52' lang='lat' dir='ltr'>inim!</span> <span class='ocrx_word' id='word_1_260' title='bbox 1349 2561 1388 2622; x_wconf 57' lang='lat' dir='ltr'>la</span> <span class='ocrx_word' id='word_1_261' title='bbox 1404 2547 1606 2622; x_wconf 54' lang='lat' dir='ltr'>Academia</span> <span class='ocrx_word' id='word_1_262' title='bbox 1621 2547 1678 2621; x_wconf 53' lang='lat' dir='ltr'>Li</span> <span class='ocrx_word' id='word_1_263' title='bbox 1700 2552 1778 2622; x_wconf 57' lang='lat' dir='ltr'>sica</span> <span class='ocrx_word' id='word_1_264' title='bbox 1815 2551 2023 2651; x_wconf 49' lang='lat' dir='ltr'><em>smmum</em></span> 
     </span>
     <span class='ocr_line' id='line_1_24' title="bbox 74 2577 1798 2723; baseline -0.007 -46"><span class='ocrx_word' id='word_1_265' title='bbox 74 2631 126 2676; x_wconf 88' lang='lat' dir='ltr'>sus</span> <span class='ocrx_word' id='word_1_266' title='bbox 147 2605 325 2675; x_wconf 86' lang='lat' dir='ltr'>abiectum</span> <span class='ocrx_word' id='word_1_267' title='bbox 349 2623 421 2668; x_wconf 90' lang='lat' dir='ltr'>esse</span> <span class='ocrx_word' id='word_1_268' title='bbox 445 2597 556 2670; x_wconf 87' lang='lat' dir='ltr'>aDeo</span> <span class='ocrx_word' id='word_1_269' title='bbox 579 2602 785 2672; x_wconf 90' lang='lat' dir='ltr'>universum</span> <span class='ocrx_word' id='word_1_270' title='bbox 808 2623 919 2690; x_wconf 85' lang='lat' dir='ltr'>genus</span> <span class='ocrx_word' id='word_1_271' title='bbox 933 2595 1060 2704; x_wconf 72' lang='lat' dir='ltr'>humq-</span> <span class='ocrx_word' id='word_1_272' title='bbox 1317 2578 1350 2648; x_wconf 58' lang='grc' dir='ltr'><em>Ὺ</em></span> <span class='ocrx_word' id='word_1_273' title='bbox 1539 2577 1698 2723; x_wconf 49' lang='lat' dir='ltr'>carin?</span> <span class='ocrx_word' id='word_1_274' title='bbox 1788 2607 1798 2640; x_wconf 73' lang='lat'><strong>³</strong></span> 
     </span>
     <span class='ocr_line' id='line_1_25' title="bbox 1656 2705 1667 2729; baseline 0 0"><span class='ocrx_word' id='word_1_275' title='bbox 1656 2705 1667 2729; x_wconf 76' lang='grc' dir='ltr'><em>Ο</em></span> 
     </span>
    </p>
   </div>
   <div class='ocr_carea' id='block_1_7' title="bbox 75 2697 2104 2900">
    <p class='ocr_par' dir='ltr' id='par_1_12' title="bbox 75 2697 2104 2900">
     <span class='ocr_line' id='line_1_26' title="bbox 75 2697 1060 2796; baseline -0.006 -20"><span class='ocrx_word' id='word_1_276' title='bbox 75 2732 173 2791; x_wconf 90' lang='lat' dir='ltr'>num,</span> <span class='ocrx_word' id='word_1_277' title='bbox 200 2706 264 2774; x_wconf 89' lang='lat' dir='ltr'>sed</span> <span class='ocrx_word' id='word_1_278' title='bbox 281 2703 318 2770; x_wconf 93' lang='lat' dir='ltr'>in</span> <span class='ocrx_word' id='word_1_279' title='bbox 335 2697 391 2796; x_wconf 88' lang='lat' dir='ltr'>his</span> <span class='ocrx_word' id='word_1_280' title='bbox 405 2701 512 2770; x_wconf 90' lang='lat' dir='ltr'>tantis</span> <span class='ocrx_word' id='word_1_281' title='bbox 528 2702 629 2772; x_wconf 84' lang='lat' dir='ltr'>malis</span> <span class='ocrx_word' id='word_1_282' title='bbox 644 2716 787 2794; x_wconf 91' lang='lat' dir='ltr'>portum</span> <span class='ocrx_word' id='word_1_283' title='bbox 804 2703 959 2794; x_wconf 88' lang='lat' dir='ltr'>aliquem</span> <span class='ocrx_word' id='word_1_284' title='bbox 976 2725 1060 2793; x_wconf 91' lang='lat' dir='ltr'>pro-</span> 
     </span>
     <span class='ocr_line' id='line_1_27' title="bbox 75 2765 2104 2900; baseline -0.009 -22"><span class='ocrx_word' id='word_1_285' title='bbox 75 2808 238 2900; x_wconf 84' lang='lat' dir='ltr'>spiciant,</span> <span class='ocrx_word' id='word_1_286' title='bbox 264 2803 417 2894; x_wconf 89' lang='lat' dir='ltr'>cogitent</span> <span class='ocrx_word' id='word_1_287' title='bbox 433 2804 588 2894; x_wconf 83' lang='lat' dir='ltr'>exempla</span> <span class='ocrx_word' id='word_1_288' title='bbox 605 2803 765 2875; x_wconf 92' lang='lat' dir='ltr'>omnium</span> <span class='ocrx_word' id='word_1_289' title='bbox 781 2817 1000 2894; x_wconf 91' lang='lat' dir='ltr'>temporum,</span> <span class='ocrx_word' id='word_1_290' title='bbox 1026 2815 1060 2872; x_wconf 90' lang='lat' dir='ltr'>et</span> <span class='ocrx_word' id='word_1_291' title='bbox 1108 2765 1154 2855; x_wconf 74' lang='lat' dir='ltr'>s·</span> <span class='ocrx_word' id='word_1_292' title='bbox 1175 2785 1219 2857; x_wconf 83' lang='lat' dir='ltr'>D·</span> <span class='ocrx_word' id='word_1_293' title='bbox 1269 2785 1566 2880; x_wconf 63' lang='lat' dir='ltr'>Revetessdevlr,</span> <span class='ocrx_word' id='word_1_294' title='bbox 1592 2800 1627 2857; x_wconf 76' lang='lat' dir='ltr'>el</span> <span class='ocrx_word' id='word_1_295' title='bbox 1647 2785 1915 2862; x_wconf 64' lang='lat' dir='ltr'>christ-Frater.</span> <span class='ocrx_word' id='word_1_296' title='bbox 1964 2783 2104 2875; x_wconf 64' lang='lat' dir='ltr'>Hospes</span> 
     </span>
    </p>
   </div>
   <div class='ocr_carea' id='block_1_8' title="bbox 74 2881 2105 3095">
    <p class='ocr_par' dir='ltr' id='par_1_13' title="bbox 74 2881 2105 3095">
     <span class='ocr_line' id='line_1_28' title="bbox 74 2881 2105 2981; baseline -0.001 -22"><span class='ocrx_word' id='word_1_297' title='bbox 74 2909 308 2981; x_wconf 52' lang='lat' dir='ltr'>calamitatum</span> <span class='ocrx_word' id='word_1_298' title='bbox 336 2925 456 2974; x_wconf 58' lang='lat' dir='ltr'>causas</span> <span class='ocrx_word' id='word_1_299' title='bbox 484 2917 519 2972; x_wconf 64' lang='lat'>01</span> <span class='ocrx_word' id='word_1_300' title='bbox 543 2904 724 2974; x_wconf 50' lang='lat' dir='ltr'>“elegiam</span> <span class='ocrx_word' id='word_1_301' title='bbox 747 2905 940 2974; x_wconf 53' lang='lat' dir='ltr'>luctantem</span> <span class='ocrx_word' id='word_1_302' title='bbox 966 2901 1060 2972; x_wconf 64' lang='lat' dir='ltr'>inter</span> <span class='ocrx_word' id='word_1_303' title='bbox 1110 2885 1215 2959; x_wconf 86' lang='lat' dir='ltr'>isthic</span> <span class='ocrx_word' id='word_1_304' title='bbox 1232 2882 1452 2958; x_wconf 80' lang='lat' dir='ltr'>Pannonius</span> <span class='ocrx_word' id='word_1_305' title='bbox 1474 2887 1727 2979; x_wconf 85' lang='lat' dir='ltr'>proficiscitur,</span> <span class='ocrx_word' id='word_1_306' title='bbox 1760 2891 1818 2958; x_wconf 89' lang='lat' dir='ltr'>vir</span> <span class='ocrx_word' id='word_1_307' title='bbox 1837 2889 1959 2958; x_wconf 83' lang='lat' dir='ltr'>doctus</span> <span class='ocrx_word' id='word_1_308' title='bbox 1983 2901 2015 2956; x_wconf 86' lang='lat' dir='ltr'>et</span> <span class='ocrx_word' id='word_1_309' title='bbox 2035 2881 2105 2957; x_wconf 86' lang='lat' dir='ltr'>bo·</span> 
     </span>
     <span class='ocr_line' id='line_1_29' title="bbox 74 2981 2105 3095; baseline -0.011 -14"><span class='ocrx_word' id='word_1_310' title='bbox 74 3007 130 3080; x_wconf 91' lang='lat' dir='ltr'>has</span> <span class='ocrx_word' id='word_1_311' title='bbox 144 3027 352 3089; x_wconf 89' lang='lat' dir='ltr'>aerumnas,</span> <span class='ocrx_word' id='word_1_312' title='bbox 380 3018 415 3074; x_wconf 87' lang='lat' dir='ltr'>et</span> <span class='ocrx_word' id='word_1_313' title='bbox 437 3005 644 3095; x_wconf 81' lang='lat' dir='ltr'>confugiant</span> <span class='ocrx_word' id='word_1_314' title='bbox 663 3007 706 3074; x_wconf 94' lang='lat' dir='ltr'>ad</span> <span class='ocrx_word' id='word_1_315' title='bbox 725 3031 848 3075; x_wconf 88' lang='lat' dir='ltr'>vocem</span> <span class='ocrx_word' id='word_1_316' title='bbox 863 3002 1059 3092; x_wconf 78' lang='lat' dir='ltr'>Evangelii,</span> <span class='ocrx_word' id='word_1_317' title='bbox 1109 3004 1247 3070; x_wconf 76' lang='lat' dir='ltr'>aestus,</span> <span class='ocrx_word' id='word_1_318' title='bbox 1281 2989 1406 3060; x_wconf 88' lang='lat' dir='ltr'>Pastor</span> <span class='ocrx_word' id='word_1_319' title='bbox 1417 2985 1597 3058; x_wconf 85' lang='lat' dir='ltr'>Ecclesiae</span> <span class='ocrx_word' id='word_1_320' title='bbox 1608 2986 1677 3058; x_wconf 86' lang='lat' dir='ltr'>Dei</span> <span class='ocrx_word' id='word_1_321' title='bbox 1699 2990 1737 3058; x_wconf 93' lang='lat' dir='ltr'>in</span> <span class='ocrx_word' id='word_1_322' title='bbox 1758 2990 1847 3059; x_wconf 88' lang='lat' dir='ltr'>urbe</span> <span class='ocrx_word' id='word_1_323' title='bbox 1862 2981 2034 3072; x_wconf 83' lang='lat' dir='ltr'>Corona,</span> <span class='ocrx_word' id='word_1_324' title='bbox 2061 3000 2105 3058; x_wconf 87' lang='lat' dir='ltr'>ut</span> 
     </span>
    </p>
   </div>
   <div class='ocr_carea' id='block_1_9' title="bbox 34 3085 2105 3915">
    <p class='ocr_par' dir='ltr' id='par_1_14' title="bbox 34 3085 2105 3915">
     <span class='ocr_line' id='line_1_30' title="bbox 74 3085 2103 3204; baseline -0.007 -22"><span class='ocrx_word' id='word_1_325' title='bbox 74 3113 268 3204; x_wconf 89' lang='lat' dir='ltr'>sciantque,</span> <span class='ocrx_word' id='word_1_326' title='bbox 308 3106 360 3176; x_wconf 91' lang='lat' dir='ltr'>ibi</span> <span class='ocrx_word' id='word_1_327' title='bbox 388 3129 592 3175; x_wconf 88' lang='lat' dir='ltr'>mansuram</span> <span class='ocrx_word' id='word_1_328' title='bbox 620 3107 818 3192; x_wconf 87' lang='lat' dir='ltr'>eeclesiam,</span> <span class='ocrx_word' id='word_1_329' title='bbox 856 3106 921 3176; x_wconf 89' lang='lat' dir='ltr'>ubi</span> <span class='ocrx_word' id='word_1_330' title='bbox 942 3103 1058 3176; x_wconf 88' lang='lat' dir='ltr'>Deum</span> <span class='ocrx_word' id='word_1_331' title='bbox 1108 3087 1282 3169; x_wconf 62' lang='lat' dir='ltr'>Ecclesiae</span> <span class='ocrx_word' id='word_1_332' title='bbox 1315 3085 1441 3160; x_wconf 73' lang='lat' dir='ltr'>harum</span> <span class='ocrx_word' id='word_1_333' title='bbox 1475 3089 1660 3180; x_wconf 63' lang='lat' dir='ltr'>regionum</span> <span class='ocrx_word' id='word_1_334' title='bbox 1694 3090 1825 3160; x_wconf 53' lang='lat' dir='ltr'>audit&amp;</span> <span class='ocrx_word' id='word_1_335' title='bbox 1854 3088 1973 3160; x_wconf 79' lang='lat' dir='ltr'>-Vult</span> <span class='ocrx_word' id='word_1_336' title='bbox 2005 3089 2103 3158; x_wconf 68' lang='lat' dir='ltr'>enlm</span> 
     </span>
     <span class='ocr_line' id='line_1_31' title="bbox 73 3189 2102 3300; baseline -0.006 -16"><span class='ocrx_word' id='word_1_337' title='bbox 73 3215 201 3296; x_wconf 66' lang='lat' dir='ltr'>ideae,</span> <span class='ocrx_word' id='word_1_338' title='bbox 230 3209 411 3290; x_wconf 78' lang='lat' dir='ltr'>exaudire,</span> <span class='ocrx_word' id='word_1_339' title='bbox 436 3229 575 3276; x_wconf 80' lang='lat' dir='ltr'>servare</span> <span class='ocrx_word' id='word_1_340' title='bbox 588 3203 756 3300; x_wconf 74' lang='lat' dir='ltr'>reliquias</span> <span class='ocrx_word' id='word_1_341' title='bbox 778 3220 812 3278; x_wconf 83' lang='lat' dir='ltr'>ec</span> <span class='ocrx_word' id='word_1_342' title='bbox 833 3220 971 3276; x_wconf 72' lang='lat' dir='ltr'>eoscum</span> <span class='ocrx_word' id='word_1_343' title='bbox 992 3207 1059 3276; x_wconf 81' lang='lat' dir='ltr'>att·</span> <span class='ocrx_word' id='word_1_344' title='bbox 1109 3215 1207 3262; x_wconf 78' lang='lat' dir='ltr'>suam</span> <span class='ocrx_word' id='word_1_345' title='bbox 1223 3189 1417 3262; x_wconf 78' lang='lat' dir='ltr'>Ecclesiam</span> <span class='ocrx_word' id='word_1_346' title='bbox 1435 3215 1520 3282; x_wconf 63' lang='lat' dir='ltr'>cum,</span> <span class='ocrx_word' id='word_1_347' title='bbox 1535 3191 1666 3260; x_wconf 80' lang='lat' dir='ltr'>nostris</span> <span class='ocrx_word' id='word_1_348' title='bbox 1685 3191 1910 3262; x_wconf 81' lang='lat' dir='ltr'>coniunctam</span> <span class='ocrx_word' id='word_1_349' title='bbox 1935 3203 1970 3261; x_wconf 84' lang='lat' dir='ltr'>rt</span> <span class='ocrx_word' id='word_1_350' title='bbox 1993 3213 2102 3258; x_wconf 80' lang='lat' dir='ltr'>unam</span> 
     </span>
     <span class='ocr_line' id='line_1_32' title="bbox 72 3289 2104 3408; baseline -0.005 -24"><span class='ocrx_word' id='word_1_351' title='bbox 72 3339 186 3408; x_wconf 88' lang='lat' dir='ltr'>quern,</span> <span class='ocrx_word' id='word_1_352' title='bbox 221 3308 285 3381; x_wconf 92' lang='lat' dir='ltr'>ubi</span> <span class='ocrx_word' id='word_1_353' title='bbox 307 3319 426 3398; x_wconf 79' lang='lat' dir='ltr'>manet</span> <span class='ocrx_word' id='word_1_354' title='bbox 447 3315 514 3376; x_wconf 84' lang='lat' dir='ltr'>vox</span> <span class='ocrx_word' id='word_1_355' title='bbox 533 3305 728 3398; x_wconf 83' lang='lat' dir='ltr'>Evangelii.</span> <span class='ocrx_word' id='word_1_356' title='bbox 780 3307 881 3379; x_wconf 89' lang='lat' dir='ltr'>Sicut</span> <span class='ocrx_word' id='word_1_357' title='bbox 897 3303 1059 3378; x_wconf 90' lang='lat' dir='ltr'>Christus</span> <span class='ocrx_word' id='word_1_358' title='bbox 1109 3317 1182 3362; x_wconf 72' lang='lat'>0⁵⁵0</span> <span class='ocrx_word' id='word_1_359' title='bbox 1207 3291 1244 3363; x_wconf 71' lang='lat' dir='ltr'>i¹1</span> <span class='ocrx_word' id='word_1_360' title='bbox 1267 3291 1357 3366; x_wconf 72' lang='lat' dir='ltr'><strong>Deo·</strong></span> <span class='ocrx_word' id='word_1_361' title='bbox 1406 3289 1500 3362; x_wconf 65' lang='lat' dir='ltr'>Dedi</span> <span class='ocrx_word' id='word_1_362' title='bbox 1523 3291 1555 3360; x_wconf 71' lang='lat' dir='ltr'>el</span> <span class='ocrx_word' id='word_1_363' title='bbox 1579 3291 1732 3384; x_wconf 60' lang='lat' dir='ltr'>pagellss</span> <span class='ocrx_word' id='word_1_364' title='bbox 1754 3303 1896 3362; x_wconf 73' lang='lat' dir='ltr'>¹¹⁰⁸lr³0</span> <span class='ocrx_word' id='word_1_365' title='bbox 1918 3291 2104 3383; x_wconf 57' lang='lat' dir='ltr'>proxi-mae</span> 
     </span>
     <span class='ocr_line' id='line_1_33' title="bbox 71 3394 2104 3489; baseline -0.014 -2"><span class='ocrx_word' id='word_1_366' title='bbox 71 3419 154 3487; x_wconf 91' lang='lat' dir='ltr'>clare</span> <span class='ocrx_word' id='word_1_367' title='bbox 175 3424 324 3486; x_wconf 88' lang='lat' dir='ltr'>testatus</span> <span class='ocrx_word' id='word_1_368' title='bbox 345 3421 397 3486; x_wconf 85' lang='lat' dir='ltr'>est</span> <span class='ocrx_word' id='word_1_369' title='bbox 417 3403 494 3480; x_wconf 86' lang='lat' dir='ltr'>loh.</span> <span class='ocrx_word' id='word_1_370' title='bbox 510 3407 606 3478; x_wconf 83' lang='lat' dir='ltr'><strong>XV.:</strong></span> <span class='ocrx_word' id='word_1_371' title='bbox 640 3405 689 3479; x_wconf 90' lang='lat' dir='ltr'>Si</span> <span class='ocrx_word' id='word_1_372' title='bbox 700 3405 913 3478; x_wconf 82' lang='lat' dir='ltr'>manseritis</span> <span class='ocrx_word' id='word_1_373' title='bbox 930 3406 970 3476; x_wconf 84' lang='lat' dir='ltr'>in</span> <span class='ocrx_word' id='word_1_374' title='bbox 992 3431 1058 3489; x_wconf 83' lang='lat' dir='ltr'>me,</span> <span class='ocrx_word' id='word_1_375' title='bbox 1109 3394 1375 3486; x_wconf 88' lang='lat' dir='ltr'>disputationis,</span> <span class='ocrx_word' id='word_1_376' title='bbox 1414 3395 1460 3462; x_wconf 91' lang='lat' dir='ltr'>de</span> <span class='ocrx_word' id='word_1_377' title='bbox 1490 3417 1559 3488; x_wconf 90' lang='lat' dir='ltr'>qna</span> <span class='ocrx_word' id='word_1_378' title='bbox 1587 3395 1689 3462; x_wconf 88' lang='lat' dir='ltr'>valde</span> <span class='ocrx_word' id='word_1_379' title='bbox 1718 3395 1823 3484; x_wconf 88' lang='lat' dir='ltr'>cupio</span> <span class='ocrx_word' id='word_1_380' title='bbox 1850 3407 1964 3463; x_wconf 90' lang='lat' dir='ltr'>tecum</span> <span class='ocrx_word' id='word_1_381' title='bbox 1990 3394 2104 3484; x_wconf 91' lang='lat' dir='ltr'>loqui,</span> 
     </span>
     <span class='ocr_line' id='line_1_34' title="bbox 73 3495 2104 3607; baseline -0.004 -21"><span class='ocrx_word' id='word_1_382' title='bbox 73 3526 99 3586; x_wconf 79' lang='lat' dir='ltr'>et</span> <span class='ocrx_word' id='word_1_383' title='bbox 121 3511 231 3586; x_wconf 77' lang='lat' dir='ltr'>verba</span> <span class='ocrx_word' id='word_1_384' title='bbox 253 3533 333 3580; x_wconf 78' lang='lat' dir='ltr'>mea</span> <span class='ocrx_word' id='word_1_385' title='bbox 360 3506 564 3578; x_wconf 81' lang='lat' dir='ltr'>manserint</span> <span class='ocrx_word' id='word_1_386' title='bbox 589 3507 629 3579; x_wconf 80' lang='lat' dir='ltr'>in</span> <span class='ocrx_word' id='word_1_387' title='bbox 653 3507 770 3596; x_wconf 75' lang='lat' dir='ltr'>vobis,</span> <span class='ocrx_word' id='word_1_388' title='bbox 804 3503 983 3607; x_wconf 76' lang='lat' dir='ltr'>quicquid</span> <span class='ocrx_word' id='word_1_389' title='bbox 996 3533 1059 3578; x_wconf 76' lang='lat' dir='ltr'>vo-</span> <span class='ocrx_word' id='word_1_390' title='bbox 1109 3519 1255 3589; x_wconf 78' lang='lat' dir='ltr'>eamque</span> <span class='ocrx_word' id='word_1_391' title='bbox 1271 3495 1318 3565; x_wconf 87' lang='lat' dir='ltr'>ob</span> <span class='ocrx_word' id='word_1_392' title='bbox 1333 3495 1531 3564; x_wconf 77' lang='lat' dir='ltr'>causamad</span> <span class='ocrx_word' id='word_1_393' title='bbox 1547 3517 1629 3574; x_wconf 83' lang='lat' dir='ltr'>vos,</span> <span class='ocrx_word' id='word_1_394' title='bbox 1662 3517 1769 3588; x_wconf 80' lang='lat' dir='ltr'>quam</span> <span class='ocrx_word' id='word_1_395' title='bbox 1785 3495 1939 3585; x_wconf 79' lang='lat' dir='ltr'>primum</span> <span class='ocrx_word' id='word_1_396' title='bbox 1966 3507 2104 3584; x_wconf 78' lang='lat' dir='ltr'>potero,</span> 
     </span>
     <span class='ocr_line' id='line_1_35' title="bbox 74 3591 2105 3709; baseline -0.005 -22"><span class='ocrx_word' id='word_1_397' title='bbox 74 3613 213 3687; x_wconf 68' lang='lat' dir='ltr'>turricis</span> <span class='ocrx_word' id='word_1_398' title='bbox 228 3611 371 3709; x_wconf 76' lang='lat' dir='ltr'>petetis,</span> <span class='ocrx_word' id='word_1_399' title='bbox 404 3603 513 3700; x_wconf 77' lang='lat' dir='ltr'>etfier</span> <span class='ocrx_word' id='word_1_400' title='bbox 529 3606 640 3680; x_wconf 63' lang='lat' dir='ltr'>vohis</span> <span class='ocrx_word' id='word_1_401' title='bbox 690 3609 763 3682; x_wconf 80' lang='lat' dir='ltr'>Nee</span> <span class='ocrx_word' id='word_1_402' title='bbox 783 3612 939 3702; x_wconf 81' lang='lat' dir='ltr'>protecto</span> <span class='ocrx_word' id='word_1_403' title='bbox 963 3611 1058 3680; x_wconf 79' lang='lat' dir='ltr'>sanis</span> <span class='ocrx_word' id='word_1_404' title='bbox 1108 3597 1340 3687; x_wconf 67' lang='lat' dir='ltr'>crepatiabcr·</span> <span class='ocrx_word' id='word_1_405' title='bbox 1391 3591 1537 3664; x_wconf 76' lang='lat' dir='ltr'>Utinam</span> <span class='ocrx_word' id='word_1_406' title='bbox 1558 3594 1757 3664; x_wconf 76' lang='lat' dir='ltr'>doetrtnam</span> <span class='ocrx_word' id='word_1_407' title='bbox 1771 3596 1978 3686; x_wconf 76' lang='lat' dir='ltr'>explicatam</span> <span class='ocrx_word' id='word_1_408' title='bbox 1993 3609 2027 3664; x_wconf 83' lang='lat' dir='ltr'>ct</span> <span class='ocrx_word' id='word_1_409' title='bbox 2043 3595 2105 3666; x_wconf 63' lang='lat' dir='ltr'>in—</span> 
     </span>
     <span class='ocr_line' id='line_1_36' title="bbox 34 3695 2102 3804; baseline -0.003 -21"><span class='ocrx_word' id='word_1_410' title='bbox 34 3769 38 3783; x_wconf 87' lang='lat'><em>.</em></span> <span class='ocrx_word' id='word_1_411' title='bbox 73 3719 248 3790; x_wconf 73' lang='lat' dir='ltr'>mentibus</span> <span class='ocrx_word' id='word_1_412' title='bbox 267 3715 340 3784; x_wconf 80' lang='lat' dir='ltr'>ulta</span> <span class='ocrx_word' id='word_1_413' title='bbox 366 3711 560 3782; x_wconf 79' lang='lat' dir='ltr'>consolatio</span> <span class='ocrx_word' id='word_1_414' title='bbox 586 3713 654 3781; x_wconf 78' lang='lat' dir='ltr'>atta</span> <span class='ocrx_word' id='word_1_415' title='bbox 679 3712 832 3804; x_wconf 78' lang='lat' dir='ltr'>proponi</span> <span class='ocrx_word' id='word_1_416' title='bbox 852 3725 986 3804; x_wconf 80' lang='lat' dir='ltr'>potest,</span> <span class='ocrx_word' id='word_1_417' title='bbox 1019 3711 1057 3780; x_wconf 81' lang='lat' dir='ltr'>in</span> <span class='ocrx_word' id='word_1_418' title='bbox 1108 3711 1311 3790; x_wconf 77' lang='lat' dir='ltr'>corruptam</span> <span class='ocrx_word' id='word_1_419' title='bbox 1333 3696 1516 3766; x_wconf 73' lang='lat' dir='ltr'>tradamus</span> <span class='ocrx_word' id='word_1_420' title='bbox 1537 3696 1747 3786; x_wconf 77' lang='lat' dir='ltr'>posteritati.</span> <span class='ocrx_word' id='word_1_421' title='bbox 1811 3695 1890 3766; x_wconf 84' lang='lat' dir='ltr'>Hoc</span> <span class='ocrx_word' id='word_1_422' title='bbox 1914 3695 2102 3788; x_wconf 74' lang='lat' dir='ltr'>praecipue</span> 
     </span>
     <span class='ocr_line' id='line_1_37' title="bbox 36 3795 2104 3915; baseline -0.011 -28"><span class='ocrx_word' id='word_1_423' title='bbox 36 3816 38 3824; x_wconf 83' lang='lat'>&#39;</span> <span class='ocrx_word' id='word_1_424' title='bbox 74 3845 135 3915; x_wconf 86' lang='lat' dir='ltr'>qua</span> <span class='ocrx_word' id='word_1_425' title='bbox 161 3815 388 3911; x_wconf 86' lang='lat' dir='ltr'>acquiescant</span> <span class='ocrx_word' id='word_1_426' title='bbox 417 3827 556 3903; x_wconf 89' lang='lat' dir='ltr'>praeter</span> <span class='ocrx_word' id='word_1_427' title='bbox 586 3807 678 3882; x_wconf 93' lang='lat' dir='ltr'>bane</span> <span class='ocrx_word' id='word_1_428' title='bbox 710 3814 929 3899; x_wconf 88' lang='lat' dir='ltr'>doctrinam,</span> <span class='ocrx_word' id='word_1_429' title='bbox 968 3835 1058 3906; x_wconf 73' lang='lat' dir='ltr'>quae</span> <span class='ocrx_word' id='word_1_430' title='bbox 1107 3811 1203 3889; x_wconf 89' lang='lat' dir='ltr'>opto.</span> <span class='ocrx_word' id='word_1_431' title='bbox 1254 3795 1329 3867; x_wconf 82' lang='lat' dir='ltr'>Alii</span> <span class='ocrx_word' id='word_1_432' title='bbox 1347 3799 1391 3866; x_wconf 89' lang='lat' dir='ltr'>de</span> <span class='ocrx_word' id='word_1_433' title='bbox 1407 3795 1564 3888; x_wconf 90' lang='lat' dir='ltr'>potentia</span> <span class='ocrx_word' id='word_1_434' title='bbox 1579 3799 1671 3868; x_wconf 88' lang='lat' dir='ltr'>etde</span> <span class='ocrx_word' id='word_1_435' title='bbox 1690 3797 1850 3889; x_wconf 84' lang='lat' dir='ltr'>imperiis</span> <span class='ocrx_word' id='word_1_436' title='bbox 1872 3799 2104 3882; x_wconf 88' lang='lat' dir='ltr'>contendant,</span> 
     </span>
    </p>
   </div>
   <div class='ocr_carea' id='block_1_10' title="bbox 74 3893 2103 4093">
    <p class='ocr_par' dir='ltr' id='par_1_15' title="bbox 74 3893 2103 4093">
     <span class='ocr_line' id='line_1_38' title="bbox 74 3893 2103 4006; baseline -0.014 -13"><span class='ocrx_word' id='word_1_437' title='bbox 74 3921 222 3993; x_wconf 88' lang='lat' dir='ltr'>ostendit</span> <span class='ocrx_word' id='word_1_438' title='bbox 236 3913 332 3988; x_wconf 90' lang='lat' dir='ltr'>hune</span> <span class='ocrx_word' id='word_1_439' title='bbox 347 3925 511 4006; x_wconf 85' lang='lat' dir='ltr'>portum,</span> <span class='ocrx_word' id='word_1_440' title='bbox 535 3913 701 3984; x_wconf 88' lang='lat' dir='ltr'>videlicet</span> <span class='ocrx_word' id='word_1_441' title='bbox 715 3909 910 3990; x_wconf 86' lang='lat' dir='ltr'>Christum.</span> <span class='ocrx_word' id='word_1_442' title='bbox 1056 3998 1061 4006; x_wconf 72' lang='lat'>,</span> <span class='ocrx_word' id='word_1_443' title='bbox 1108 3912 1142 3970; x_wconf 84' lang='lat' dir='ltr'>et</span> <span class='ocrx_word' id='word_1_444' title='bbox 1165 3893 1311 3992; x_wconf 86' lang='lat' dir='ltr'>Sisyphi</span> <span class='ocrx_word' id='word_1_445' title='bbox 1334 3921 1434 3966; x_wconf 89' lang='lat' dir='ltr'>more</span> <span class='ocrx_word' id='word_1_446' title='bbox 1457 3919 1579 3967; x_wconf 83' lang='lat' dir='ltr'>saxum</span> <span class='ocrx_word' id='word_1_447' title='bbox 1604 3899 1771 3970; x_wconf 86' lang='lat' dir='ltr'>adversus</span> <span class='ocrx_word' id='word_1_448' title='bbox 1795 3911 1954 3968; x_wconf 89' lang='lat' dir='ltr'>montem</span> <span class='ocrx_word' id='word_1_449' title='bbox 1983 3911 2103 3986; x_wconf 85' lang='lat' dir='ltr'>agant,</span> 
     </span>
     <span class='ocr_line' id='line_1_39' title="bbox 1107 3990 2101 4093; baseline -0.004 -25"><span class='ocrx_word' id='word_1_450' title='bbox 1107 4001 1204 4093; x_wconf 88' lang='lat' dir='ltr'>quod</span> <span class='ocrx_word' id='word_1_451' title='bbox 1225 3999 1478 4088; x_wconf 84' lang='lat' dir='ltr'>interpretatur</span> <span class='ocrx_word' id='word_1_452' title='bbox 1489 3990 1685 4066; x_wconf 78' lang='lat' dir='ltr'>Lucretius</span> <span class='ocrx_word' id='word_1_453' title='bbox 1695 3994 1724 4090; x_wconf 84' lang='lat'>¹)</span> <span class='ocrx_word' id='word_1_454' title='bbox 1743 4020 1817 4068; x_wconf 86' lang='lat' dir='ltr'>esse</span> <span class='ocrx_word' id='word_1_455' title='bbox 1841 4011 1959 4088; x_wconf 88' lang='lat' dir='ltr'>petere</span> <span class='ocrx_word' id='word_1_456' title='bbox 1983 3996 2101 4088; x_wconf 90' lang='lat' dir='ltr'>lmpe-</span> 
     </span>
    </p>
   </div>
   <div class='ocr_carea' id='block_1_11' title="bbox 73 4047 2103 4274">
    <p class='ocr_par' dir='ltr' id='par_1_16' title="bbox 73 4047 2103 4274">
     <span class='ocr_line' id='line_1_40' title="bbox 165 4047 2103 4198; baseline -0.019 -57"><span class='ocrx_word' id='word_1_457' title='bbox 165 4067 267 4160; x_wconf 87' lang='lat' dir='ltr'>Quid</span> <span class='ocrx_word' id='word_1_458' title='bbox 288 4065 434 4184; x_wconf 78' lang='lat' dir='ltr'>prodest</span> <span class='ocrx_word' id='word_1_459' title='bbox 453 4063 615 4182; x_wconf 86' lang='lat' dir='ltr'>polliceri</span> <span class='ocrx_word' id='word_1_460' title='bbox 635 4047 862 4150; x_wconf 83' lang='lat' dir='ltr'>Pannoniae,</span> <span class='ocrx_word' id='word_1_461' title='bbox 890 4089 981 4184; x_wconf 76' lang='lat' dir='ltr'>qnae</span> <span class='ocrx_word' id='word_1_462' title='bbox 1003 4079 1057 4138; x_wconf 89' lang='lat' dir='ltr'>tot</span> <span class='ocrx_word' id='word_1_463' title='bbox 1106 4101 1219 4187; x_wconf 53' lang='lat' dir='ltr'>rium,</span> <span class='ocrx_word' id='word_1_464' title='bbox 1241 4101 1337 4195; x_wconf 66' lang='lat' dir='ltr'>quod</span> <span class='ocrx_word' id='word_1_465' title='bbox 1353 4098 1459 4173; x_wconf 57' lang='lat' dir='ltr'>inane</span> <span class='ocrx_word' id='word_1_466' title='bbox 1474 4111 1547 4186; x_wconf 45' lang='lat' dir='ltr'>est,</span> <span class='ocrx_word' id='word_1_467' title='bbox 1568 4121 1636 4168; x_wconf 62' lang='lat' dir='ltr'>nec</span> <span class='ocrx_word' id='word_1_468' title='bbox 1647 4099 1753 4171; x_wconf 53' lang='lat' dir='ltr'><strong>datur</strong></span> <span class='ocrx_word' id='word_1_469' title='bbox 1764 4094 1978 4198; x_wconf 48' lang='lat' dir='ltr'>unquam·</span> <span class='ocrx_word' id='word_1_470' title='bbox 2000 4097 2103 4172; x_wconf 57' lang='lat' dir='ltr'>Bene</span> 
     </span>
     <span class='ocr_line' id='line_1_41' title="bbox 73 4168 2042 4274; baseline -0.02 -30"><span class='ocrx_word' id='word_1_471' title='bbox 73 4175 191 4246; x_wconf 84' lang='lat' dir='ltr'>seculis</span> <span class='ocrx_word' id='word_1_472' title='bbox 206 4195 272 4264; x_wconf 92' lang='lat' dir='ltr'>pro</span> <span class='ocrx_word' id='word_1_473' title='bbox 287 4168 392 4236; x_wconf 77' lang='lat' dir='ltr'>nobis</span> <span class='ocrx_word' id='word_1_474' title='bbox 407 4189 505 4234; x_wconf 91' lang='lat' dir='ltr'>arma</span> <span class='ocrx_word' id='word_1_475' title='bbox 522 4179 645 4254; x_wconf 73' lang='lat' dir='ltr'>gessit,</span> <span class='ocrx_word' id='word_1_476' title='bbox 678 4180 839 4236; x_wconf 88' lang='lat' dir='ltr'>mutuam</span> <span class='ocrx_word' id='word_1_477' title='bbox 853 4181 887 4237; x_wconf 89' lang='lat' dir='ltr'>et</span> <span class='ocrx_word' id='word_1_478' title='bbox 902 4169 1055 4236; x_wconf 76' lang='lat' dir='ltr'>debitam</span> <span class='ocrx_word' id='word_1_479' title='bbox 1106 4203 1196 4274; x_wconf 52' lang='lat' dir='ltr'><strong>vale·</strong></span> <span class='ocrx_word' id='word_1_480' title='bbox 1806 4189 1807 4192; x_wconf 57' lang='lat'><em>=</em></span> <span class='ocrx_word' id='word_1_481' title='bbox 2038 4211 2042 4218; x_wconf 61' lang='grc'><strong>,</strong></span> 
     </span>
    </p>
   </div>
   <div class='ocr_carea' id='block_1_12' title="bbox 72 4264 1677 4762">
    <p class='ocr_par' dir='ltr' id='par_1_17' title="bbox 72 4257 1677 4762">
     <span class='ocr_line' id='line_1_42' title="bbox 73 4264 1620 4391; baseline -0.01 -45"><span class='ocrx_word' id='word_1_482' title='bbox 73 4267 334 4345; x_wconf 79' lang='lat' dir='ltr'>defensionem?</span> <span class='ocrx_word' id='word_1_483' title='bbox 384 4264 483 4355; x_wconf 88' lang='lat' dir='ltr'>Quid</span> <span class='ocrx_word' id='word_1_484' title='bbox 502 4267 643 4357; x_wconf 91' lang='lat' dir='ltr'>prodest</span> <span class='ocrx_word' id='word_1_485' title='bbox 657 4267 805 4337; x_wconf 90' lang='lat' dir='ltr'>recitare</span> <span class='ocrx_word' id='word_1_486' title='bbox 826 4268 946 4338; x_wconf 87' lang='lat' dir='ltr'>fatalia</span> <span class='ocrx_word' id='word_1_487' title='bbox 964 4269 1055 4336; x_wconf 86' lang='lat' dir='ltr'>exci-</span> <span class='ocrx_word' id='word_1_488' title='bbox 1520 4315 1555 4387; x_wconf 77' lang='grc' dir='ltr'>Τ</span> <span class='ocrx_word' id='word_1_489' title='bbox 1584 4313 1620 4391; x_wconf 70' lang='lat' dir='ltr'>R</span> 
     </span>
     <span class='ocr_line' id='line_1_43' title="bbox 73 4341 1677 4460; baseline -0.009 -14"><span class='ocrx_word' id='word_1_490' title='bbox 73 4379 124 4446; x_wconf 90' lang='lat' dir='ltr'>dia</span> <span class='ocrx_word' id='word_1_491' title='bbox 145 4371 308 4447; x_wconf 88' lang='lat' dir='ltr'>omnium</span> <span class='ocrx_word' id='word_1_492' title='bbox 330 4365 591 4458; x_wconf 82' lang='lat' dir='ltr'>Imperiorum?</span> <span class='ocrx_word' id='word_1_493' title='bbox 647 4365 745 4456; x_wconf 86' lang='lat' dir='ltr'>Quid</span> <span class='ocrx_word' id='word_1_494' title='bbox 766 4370 910 4460; x_wconf 87' lang='lat' dir='ltr'>prodest</span> <span class='ocrx_word' id='word_1_495' title='bbox 932 4369 1055 4460; x_wconf 91' lang='lat' dir='ltr'>deplo-</span> <span class='ocrx_word' id='word_1_496' title='bbox 1556 4369 1568 4394; x_wconf 79' lang='lat'><strong>⁹</strong></span> <span class='ocrx_word' id='word_1_497' title='bbox 1622 4341 1677 4390; x_wconf 44' lang='grc' dir='ltr'>(π’</span> 
     </span>
     <span class='ocr_line' id='line_1_44' title="bbox 73 4463 1056 4556; baseline -0.012 -7"><span class='ocrx_word' id='word_1_498' title='bbox 73 4503 143 4548; x_wconf 89' lang='lat' dir='ltr'>rare</span> <span class='ocrx_word' id='word_1_499' title='bbox 181 4493 405 4546; x_wconf 89' lang='lat' dir='ltr'>communem</span> <span class='ocrx_word' id='word_1_500' title='bbox 445 4463 595 4537; x_wconf 88' lang='lat' dir='ltr'>humani</span> <span class='ocrx_word' id='word_1_501' title='bbox 633 4469 770 4556; x_wconf 88' lang='lat' dir='ltr'>generis</span> <span class='ocrx_word' id='word_1_502' title='bbox 803 4469 1056 4556; x_wconf 89' lang='lat' dir='ltr'>conditionem,</span> 
     </span>
     <span class='ocr_line' id='line_1_45' title="bbox 72 4569 1056 4672; baseline -0.009 -22"><span class='ocrx_word' id='word_1_503' title='bbox 72 4583 161 4672; x_wconf 91' lang='lat' dir='ltr'>quod</span> <span class='ocrx_word' id='word_1_504' title='bbox 184 4575 391 4648; x_wconf 91' lang='lat' dir='ltr'>universum</span> <span class='ocrx_word' id='word_1_505' title='bbox 413 4569 521 4638; x_wconf 89' lang='lat' dir='ltr'>morti</span> <span class='ocrx_word' id='word_1_506' title='bbox 548 4581 582 4638; x_wconf 92' lang='lat' dir='ltr'>et</span> <span class='ocrx_word' id='word_1_507' title='bbox 603 4569 711 4638; x_wconf 90' lang='lat' dir='ltr'>variis</span> <span class='ocrx_word' id='word_1_508' title='bbox 733 4571 897 4642; x_wconf 83' lang='lat' dir='ltr'>fortunae</span> <span class='ocrx_word' id='word_1_509' title='bbox 918 4573 1056 4642; x_wconf 86' lang='lat' dir='ltr'>casibus</span> 
     </span>
     <span class='ocr_line' id='line_1_46' title="bbox 72 4669 803 4762; baseline -0.016 -10"><span class='ocrx_word' id='word_1_510' title='bbox 72 4679 259 4752; x_wconf 80' lang='lat' dir='ltr'>obnoxium</span> <span class='ocrx_word' id='word_1_511' title='bbox 272 4685 344 4760; x_wconf 87' lang='lat' dir='ltr'>est,</span> <span class='ocrx_word' id='word_1_512' title='bbox 366 4683 408 4742; x_wconf 93' lang='lat' dir='ltr'>ut</span> <span class='ocrx_word' id='word_1_513' title='bbox 422 4670 554 4740; x_wconf 89' lang='lat' dir='ltr'>dicitur</span> <span class='ocrx_word' id='word_1_514' title='bbox 568 4669 606 4740; x_wconf 90' lang='lat' dir='ltr'>in</span> <span class='ocrx_word' id='word_1_515' title='bbox 622 4672 803 4762; x_wconf 74' lang='lat' dir='ltr'>poemate:</span> 
     </span>
    </p>
   </div>
   <div class='ocr_carea' id='block_1_13' title="bbox 1847 4417 2148 4517">
    <p class='ocr_par' dir='ltr' id='par_1_18' title="bbox 1847 4417 2148 4517">
     <span class='ocr_line' id='line_1_47' title="bbox 1847 4417 2148 4517; baseline 0.01 -25"><span class='ocrx_word' id='word_1_516' title='bbox 1847 4417 2046 4517; x_wconf 78' lang='lat' dir='ltr'>Philippus</span> <span class='ocrx_word' id='word_1_517' title='bbox 2134 4469 2148 4480; x_wconf 92' lang='lat'>-</span> 
     </span>
    </p>
   </div>
   <div class='ocr_carea' id='block_1_14' title="bbox 190 4693 2128 4887">
    <p class='ocr_par' dir='ltr' id='par_1_19' title="bbox 190 4693 2128 4887">
     <span class='ocr_line' id='line_1_48' title="bbox 1141 4693 2128 4794; baseline 0.002 -18"><span class='ocrx_word' id='word_1_518' title='bbox 1141 4721 1167 4793; x_wconf 86' lang='lat' dir='ltr'>t)</span> <span class='ocrx_word' id='word_1_519' title='bbox 1185 4722 1274 4776; x_wconf 79' lang='lat' dir='ltr'>Locus</span> <span class='ocrx_word' id='word_1_520' title='bbox 1288 4727 1329 4774; x_wconf 81' lang='lat' dir='ltr'>est</span> <span class='ocrx_word' id='word_1_521' title='bbox 1340 4693 1432 4776; x_wconf 54' lang='lat' dir='ltr'>Lilll.</span> <span class='ocrx_word' id='word_1_522' title='bbox 1449 4737 1478 4775; x_wconf 79' lang='lat' dir='ltr'>e.</span> <span class='ocrx_word' id='word_1_523' title='bbox 1488 4719 1554 4775; x_wconf 87' lang='lat' dir='ltr'>tott</span> <span class='ocrx_word' id='word_1_524' title='bbox 1568 4737 1627 4794; x_wconf 82' lang='lat' dir='ltr'>sqq.</span> <span class='ocrx_word' id='word_1_525' title='bbox 1641 4719 1670 4778; x_wconf 84' lang='lat' dir='ltr'>in</span> <span class='ocrx_word' id='word_1_526' title='bbox 1684 4720 1729 4780; x_wconf 85' lang='lat' dir='ltr'>ed.</span> <span class='ocrx_word' id='word_1_527' title='bbox 1741 4719 1885 4794; x_wconf 79' lang='lat' dir='ltr'>Ripentina</span> <span class='ocrx_word' id='word_1_528' title='bbox 1900 4739 1929 4793; x_wconf 74' lang='lat' dir='ltr'>p</span> <span class='ocrx_word' id='word_1_529' title='bbox 1940 4721 1998 4779; x_wconf 78' lang='lat'>12⁰.</span> <span class='ocrx_word' id='word_1_530' title='bbox 2013 4741 2046 4780; x_wconf 82' lang='lat' dir='ltr'>ee</span> <span class='ocrx_word' id='word_1_531' title='bbox 2059 4723 2100 4779; x_wconf 84' lang='lat' dir='ltr'>eie</span> <span class='ocrx_word' id='word_1_532' title='bbox 2124 4727 2128 4735; x_wconf 83' lang='grc'><em>“</em></span> 
     </span>
     <span class='ocr_line' id='line_1_49' title="bbox 190 4789 1312 4887; baseline -0.027 -14"><span class='ocrx_word' id='word_1_533' title='bbox 190 4811 321 4876; x_wconf 82' lang='lat' dir='ltr'>Constet</span> <span class='ocrx_word' id='word_1_534' title='bbox 344 4813 469 4868; x_wconf 84' lang='lat' dir='ltr'>aeterna</span> <span class='ocrx_word' id='word_1_535' title='bbox 490 4801 681 4882; x_wconf 84' lang='lat' dir='ltr'>positumque</span> <span class='ocrx_word' id='word_1_536' title='bbox 702 4801 771 4887; x_wconf 76' lang='lat' dir='ltr'>lege</span> <span class='ocrx_word' id='word_1_537' title='bbox 793 4809 858 4884; x_wconf 78' lang='lat' dir='ltr'>ast,</span> <span class='ocrx_word' id='word_1_538' title='bbox 1174 4789 1312 4844; x_wconf 68' lang='lat' dir='ltr'>rehabere</span> 
     </span>
    </p>
   </div>
   <div class='ocr_carea' id='block_1_15' title="bbox 1155 4857 2083 4999">
    <p class='ocr_par' dir='ltr' id='par_1_20' title="bbox 1155 4857 2083 4999">
     <span class='ocr_line' id='line_1_50' title="bbox 1156 4857 2083 4942; baseline 0.003 -31"><span class='ocrx_word' id='word_1_539' title='bbox 1156 4857 1249 4930; x_wconf 87' lang='lat' dir='ltr'>„Nam</span> <span class='ocrx_word' id='word_1_540' title='bbox 1258 4865 1352 4942; x_wconf 82' lang='lat' dir='ltr'>petere</span> <span class='ocrx_word' id='word_1_541' title='bbox 1364 4858 1526 4931; x_wconf 86' lang='lat' dir='ltr'>imperium,</span> <span class='ocrx_word' id='word_1_542' title='bbox 1543 4859 1619 4932; x_wconf 88' lang='lat' dir='ltr'>quod</span> <span class='ocrx_word' id='word_1_543' title='bbox 1632 4857 1712 4912; x_wconf 83' lang='lat' dir='ltr'>inane</span> <span class='ocrx_word' id='word_1_544' title='bbox 1725 4857 1772 4926; x_wconf 68' lang='lat' dir='ltr'>tt,</span> <span class='ocrx_word' id='word_1_545' title='bbox 1792 4875 1843 4912; x_wconf 87' lang='lat' dir='ltr'>nee</span> <span class='ocrx_word' id='word_1_546' title='bbox 1857 4857 1936 4914; x_wconf 84' lang='lat' dir='ltr'>datur</span> <span class='ocrx_word' id='word_1_547' title='bbox 1947 4877 2083 4930; x_wconf 78' lang='lat' dir='ltr'>unquam,</span> 
     </span>
     <span class='ocr_line' id='line_1_51' title="bbox 1155 4925 1841 4999; baseline -0.003 -18"><span class='ocrx_word' id='word_1_548' title='bbox 1155 4929 1244 4998; x_wconf 81' lang='lat' dir='ltr'>Atque</span> <span class='ocrx_word' id='word_1_549' title='bbox 1256 4945 1284 4979; x_wconf 87' lang='lat' dir='ltr'>m</span> <span class='ocrx_word' id='word_1_550' title='bbox 1299 4943 1333 4981; x_wconf 82' lang='lat' dir='ltr'>eo</span> <span class='ocrx_word' id='word_1_551' title='bbox 1344 4945 1453 4999; x_wconf 81' lang='lat' dir='ltr'>semper</span> <span class='ocrx_word' id='word_1_552' title='bbox 1465 4928 1565 4982; x_wconf 84' lang='lat' dir='ltr'>durum</span> <span class='ocrx_word' id='word_1_553' title='bbox 1579 4927 1689 4982; x_wconf 77' lang='lat' dir='ltr'>sufferre</span> <span class='ocrx_word' id='word_1_554' title='bbox 1705 4925 1841 4996; x_wconf 79' lang='lat' dir='ltr'>laborem,</span> 
     </span>
    </p>
   </div>
   <div class='ocr_carea' id='block_1_16' title="bbox 72 4995 1926 5135">
    <p class='ocr_par' dir='ltr' id='par_1_21' title="bbox 72 4995 1926 5135">
     <span class='ocr_line' id='line_1_52' title="bbox 72 4995 1926 5135; baseline 0.006 -30"><span class='ocrx_word' id='word_1_555' title='bbox 72 5031 161 5106; x_wconf 84' lang='lat' dir='ltr'>Haec</span> <span class='ocrx_word' id='word_1_556' title='bbox 176 5057 251 5104; x_wconf 92' lang='lat' dir='ltr'>non</span> <span class='ocrx_word' id='word_1_557' title='bbox 265 5031 387 5102; x_wconf 87' lang='lat' dir='ltr'>levant</span> <span class='ocrx_word' id='word_1_558' title='bbox 401 5025 554 5106; x_wconf 86' lang='lat' dir='ltr'>loetum,</span> <span class='ocrx_word' id='word_1_559' title='bbox 587 5026 648 5094; x_wconf 88' lang='lat' dir='ltr'>sed</span> <span class='ocrx_word' id='word_1_560' title='bbox 664 5039 789 5117; x_wconf 87' lang='lat' dir='ltr'>portus</span> <span class='ocrx_word' id='word_1_561' title='bbox 803 5023 1055 5097; x_wconf 87' lang='lat' dir='ltr'>monstrandus</span> <span class='ocrx_word' id='word_1_562' title='bbox 1154 4995 1926 5135; x_wconf 45' lang='lat' dir='ltr'>gffli‘iu&#39;gi&#39;issiiff&#39;ih‘iimillhnvlibidinatum</span> 
     </span>
    </p>
   </div>
   <div class='ocr_carea' id='block_1_17' title="bbox 74 5123 2021 5230">
    <p class='ocr_par' dir='ltr' id='par_1_22' title="bbox 74 5123 2021 5230">
     <span class='ocr_line' id='line_1_53' title="bbox 74 5123 2021 5230; baseline -0.004 -24"><span class='ocrx_word' id='word_1_563' title='bbox 74 5151 135 5219; x_wconf 84' lang='lat' dir='ltr'>est,</span> <span class='ocrx_word' id='word_1_564' title='bbox 160 5137 237 5230; x_wconf 89' lang='lat' dir='ltr'>quis</span> <span class='ocrx_word' id='word_1_565' title='bbox 254 5131 337 5202; x_wconf 89' lang='lat' dir='ltr'>finis</span> <span class='ocrx_word' id='word_1_566' title='bbox 354 5149 602 5198; x_wconf 88' lang='lat' dir='ltr'>aerumnarum</span> <span class='ocrx_word' id='word_1_567' title='bbox 620 5127 762 5198; x_wconf 88' lang='lat' dir='ltr'>futurus</span> <span class='ocrx_word' id='word_1_568' title='bbox 776 5127 841 5212; x_wconf 87' lang='lat' dir='ltr'>sit,</span> <span class='ocrx_word' id='word_1_569' title='bbox 865 5139 900 5196; x_wconf 89' lang='lat' dir='ltr'>et</span> <span class='ocrx_word' id='word_1_570' title='bbox 914 5151 961 5194; x_wconf 90' lang='lat' dir='ltr'>an</span> <span class='ocrx_word' id='word_1_571' title='bbox 976 5123 1052 5196; x_wconf 89' lang='lat' dir='ltr'>Deo</span> <span class='ocrx_word' id='word_1_572' title='bbox 1154 5131 1299 5200; x_wconf 75' lang='lat' dir='ltr'>Votuttuv,</span> <span class='ocrx_word' id='word_1_573' title='bbox 1314 5141 1342 5186; x_wconf 81' lang='lat' dir='ltr'>ee</span> <span class='ocrx_word' id='word_1_574' title='bbox 1356 5132 1426 5204; x_wconf 75' lang='lat' dir='ltr'>ptrni</span> <span class='ocrx_word' id='word_1_575' title='bbox 1439 5133 1535 5202; x_wconf 75' lang='lat' dir='ltr'>raptim</span> <span class='ocrx_word' id='word_1_576' title='bbox 1552 5131 1616 5206; x_wconf 71' lang='lat' dir='ltr'>paor</span> <span class='ocrx_word' id='word_1_577' title='bbox 1629 5149 1745 5201; x_wconf 67' lang='lat' dir='ltr'>aequm</span> <span class='ocrx_word' id='word_1_578' title='bbox 1758 5133 1880 5200; x_wconf 77' lang='lat' dir='ltr'>campt&#39;·</span> <span class='ocrx_word' id='word_1_579' title='bbox 1905 5131 2021 5198; x_wconf 70' lang='lat' dir='ltr'>[ansa]</span> 
     </span>
    </p>
   </div>
   <div class='ocr_carea' id='block_1_18' title="bbox 74 5215 2095 5357">
    <p class='ocr_par' dir='ltr' id='par_1_23' title="bbox 74 5215 2095 5357">
     <span class='ocr_line' id='line_1_54' title="bbox 74 5215 2095 5357; baseline 0.006 -53"><span class='ocrx_word' id='word_1_580' title='bbox 74 5238 108 5306; x_wconf 94' lang='lat' dir='ltr'>in</span> <span class='ocrx_word' id='word_1_581' title='bbox 127 5238 231 5309; x_wconf 90' lang='lat' dir='ltr'>tantis</span> <span class='ocrx_word' id='word_1_582' title='bbox 251 5230 415 5302; x_wconf 90' lang='lat' dir='ltr'>miseriis·</span> <span class='ocrx_word' id='word_1_583' title='bbox 428 5251 532 5298; x_wconf 88' lang='lat' dir='ltr'>curae</span> <span class='ocrx_word' id='word_1_584' title='bbox 554 5227 682 5312; x_wconf 86' lang='lat' dir='ltr'>simus,</span> <span class='ocrx_word' id='word_1_585' title='bbox 714 5229 806 5298; x_wconf 91' lang='lat' dir='ltr'>sieut</span> <span class='ocrx_word' id='word_1_586' title='bbox 825 5229 899 5318; x_wconf 88' lang='lat' dir='ltr'>ipse</span> <span class='ocrx_word' id='word_1_587' title='bbox 917 5227 1051 5320; x_wconf 91' lang='lat' dir='ltr'>inquit:</span> <span class='ocrx_word' id='word_1_588' title='bbox 1135 5215 2095 5357; x_wconf 44' lang='lat' dir='ltr'>&#39;lemmssn‘e‘lfe&#39;c‘dffljni&#39;ssffl‘vffiiuffli&#39;&#39;ffiuffi</span> 
     </span>
    </p>
   </div>
   <div class='ocr_carea' id='block_1_19' title="bbox 74 5325 1274 5428">
    <p class='ocr_par' dir='ltr' id='par_1_24' title="bbox 74 5325 1274 5428">
     <span class='ocr_line' id='line_1_55' title="bbox 74 5325 1274 5428; baseline -0.008 -20"><span class='ocrx_word' id='word_1_589' title='bbox 74 5333 200 5410; x_wconf 77' lang='lat' dir='ltr'>ferocis</span> <span class='ocrx_word' id='word_1_590' title='bbox 214 5357 272 5408; x_wconf 81' lang='lat' dir='ltr'>mc</span> <span class='ocrx_word' id='word_1_591' title='bbox 289 5331 329 5403; x_wconf 86' lang='lat' dir='ltr'>in</span> <span class='ocrx_word' id='word_1_592' title='bbox 347 5325 406 5404; x_wconf 81' lang='lat' dir='ltr'>die</span> <span class='ocrx_word' id='word_1_593' title='bbox 420 5325 695 5418; x_wconf 78' lang='lat' dir='ltr'>tribulationis,</span> <span class='ocrx_word' id='word_1_594' title='bbox 718 5336 751 5402; x_wconf 79' lang='lat' dir='ltr'>et</span> <span class='ocrx_word' id='word_1_595' title='bbox 767 5327 921 5425; x_wconf 74' lang='lat' dir='ltr'>eripiam</span> <span class='ocrx_word' id='word_1_596' title='bbox 940 5335 996 5416; x_wconf 85' lang='lat' dir='ltr'>te,</span> <span class='ocrx_word' id='word_1_597' title='bbox 1018 5335 1051 5398; x_wconf 86' lang='lat' dir='ltr'>ct</span> <span class='ocrx_word' id='word_1_598' title='bbox 1168 5373 1199 5428; x_wconf 58' lang='grc' dir='ltr'>Ρ,</span> <span class='ocrx_word' id='word_1_599' title='bbox 1212 5353 1274 5410; x_wconf 72' lang='lat'>503,</span> 
     </span>
    </p>
   </div>
   <div class='ocr_carea' id='block_1_20' title="bbox 189 4885 636 4973">
    <p class='ocr_par' dir='ltr' id='par_1_25' title="bbox 189 4885 636 4973">
     <span class='ocr_line' id='line_1_56' title="bbox 189 4885 636 4973; baseline -0.02 -12"><span class='ocrx_word' id='word_1_600' title='bbox 189 4897 232 4961; x_wconf 80' lang='lat' dir='ltr'>th</span> <span class='ocrx_word' id='word_1_601' title='bbox 254 4899 370 4960; x_wconf 85' lang='lat' dir='ltr'>constet</span> <span class='ocrx_word' id='word_1_602' title='bbox 389 4885 524 4973; x_wconf 85' lang='lat' dir='ltr'>genitum</span> <span class='ocrx_word' id='word_1_603' title='bbox 547 4887 636 4952; x_wconf 90' lang='lat' dir='ltr'>nibil.</span> 
     </span>
    </p>
   </div>
   <div class='ocr_carea' id='block_1_21' title="bbox 0 0 2356 5798">
    <p class='ocr_par' dir='ltr' id='par_1_26' title="bbox 0 0 2356 5798">
     <span class='ocr_line' id='line_1_57' title="bbox 0 0 2356 5798; baseline 0 0"><span class='ocrx_word' id='word_1_604' title='bbox 0 0 2356 5798; x_wconf 95' lang='lat' dir='ltr'> </span> 
     </span>
    </p>
   </div>
  </div>
 </body>
</html>
