4704 5804
193 187 268 270 215
777 179 1205 258 ErtsToLanUM
1271 183 1380 258 LlB.
1415 183 1480 261 lX.
1534 181 1668 256 1643.
2158 181 2236 254 tto

196 384 275 433 mus
298 361 358 445 sit,
391 361 689 455 quemadmodum
714 372 746 428 et
770 359 856 427 olim
871 355 1089 428 circumcisio
1105 369 1190 434 erat,
1247 381 1308 428 nas
1331 357 1510 442 miserias,
1537 355 1600 450 qui
1617 353 1798 424 nemiuem
1820 381 1838 422 a
1861 381 1922 427 sua
1941 354 2099 442 excludit
2113 351 2239 442 gratia,

195 465 464 542 benevolentiae
487 487 527 532 ac
550 462 796 553 promissionis
819 460 960 529 divinae
981 459 1122 527 visibile
1139 473 1192 527 te·
1246 475 1280 530 et
1294 461 1499 530 universum
1524 459 1562 526 in
1579 453 1696 528 Adam
1718 454 1921 528 mortalium
1942 480 2054 546 genus
2075 457 2120 524 ad
2141 455 2238 524 salu-

196 565 424 649 stimonium,
449 587 510 634 seu
527 558 698 660 σφραγίς,
1245 577 1315 632 tem
1333 561 1493 632 condidit
1508 559 1734 648 nominisque
1750 556 1806 626 sui
1819 554 1968 642 gloriam
1983 556 2238 639 immortalem

301 667 354 736 De
379 662 615 735 Ethnieorum
638 665 835 751 infantibus
859 687 935 731 rem
959 661 1027 731 tibi
1048 685 1111 750 per
1126 655 1194 727 ΑΙ-
1246 665 1306 730 sed
1333 663 1576 734 voluntarium
1600 661 1639 728 in
1666 681 1706 736 ea
1738 655 1969 728 multitudine
1999 670 2240 746 contemptum

199 766 339 838 berlum
357 783 515 838 nostrum
533 790 731 858 proponere
748 768 826 834 ideo
845 766 960 845 volui,
995 763 1136 854 utquid
1154 776 1193 830 tu
1247 766 1428 846 damnari,
1450 779 1509 848 ut,
1543 765 1629 830 dum
1651 760 1805 828 oblatam
1823 757 1970 846 gratiam
1986 757 2159 826 destinata
2176 781 2239 824 vo-

197 867 257 941 hic
276 870 405 940 sentias
423 870 510 938 scire
535 893 691 960 possem,
723 894 762 936 ac
784 892 824 935 ex
848 883 907 936 tua
932 865 1105 935 sententia
1128 866 1196 931 do·
1247 869 1383 934 lunsate
1408 865 1620 946 contemnit,
1655 861 1700 928 ab
1726 859 1786 927 illa
1808 860 1876 926 lide
1903 857 2059 940 excidat,
2099 861 2159 926 sed
2183 858 2241 924 in-

106 1023 116 1034 .
199 973 349 1042 ctrinam
383 994 498 1040 mearn
533 973 677 1039 demum
711 971 924 1038 moderarer.
992 966 1097 1036 Nunc
1130 965 1196 1034 etsi
1247 967 1368 1049 terim,
1401 967 1456 1034 vel
1478 965 1608 1047 invita,
1637 961 1766 1050 gloriae
1781 957 1849 1028 Dei
1866 959 2011 1041 serviat,
2044 981 2083 1026 ac
2107 981 2243 1047 poena-

200 1075 295 1142 idem
314 1074 383 1139 iarn
401 1097 538 1140 mecum
552 1073 774 1148 cogitaram.
794 1087 869 1140 tum
886 1093 948 1160 per
964 1083 997 1138 te
1012 1068 1116 1136 etiam
1133 1071 1197 1135 ad·
1247 1093 1326 1136 rum
1346 1081 1567 1136 aeternarum
1585 1062 1831 1153 magnitudine
1847 1072 2011 1140 testetur,
2042 1054 2159 1126 Deum
2174 1059 2243 1126 do·

201 1175 364 1226 montius
380 1163 606 1228 „abit-buius
631 1161 782 1249 amplius
807 1165 940 1235 docebo
950 1162 1006 1254 *),
1040 1185 1197 1252 praeser—
1246 1170 1384 1230 minum
1400 1169 1514 1237 solnm
1532 1189 1624 1246 esse,
1655 1188 1761 1256 quem
1784 1177 1824 1232 ut
1846 1174 1981 1251 patrem
2002 1159 2243 1246 indulgentis-

201 1259 265 1328 tim
284 1271 606 1342 cumtuastatuas,
638 1285 714 1329 eam
739 1260 937 1328 doctrinam
962 1254 1029 1327 hoc
1055 1260 1195 1349 potissi·
1248 1260 1375 1330 simum
1393 1265 1511 1332 oblata
1527 1261 1565 1328 in
1581 1261 1724 1335 Christo
1746 1263 1894 1332 domino
1919 1261 2030 1329 salute
2053 1283 2243 1348 agnoscere

201 1385 299 1430 murn
322 1373 496 1448 ternpore,
531 1364 674 1432 nonita
700 1361 851 1428 multum
875 1361 988 1430 lacere
1011 1357 1196 1428 adEccle-
1249 1365 1403 1435 nolebat.
1461 1361 1648 1445 Caeterum
1672 1374 1712 1430 ut
1733 1355 1817 1428 huic
1839 1360 2062 1430 multitudini
2087 1362 2242 1430 infantes

202 1462 273 1530 siae
309 1462 609 1543 aedificationem,
651 1462 788 1530 etiamsi
818 1485 900 1530 vera
935 1475 1033 1533 esset.
1093 1459 1197 1532 hbsit
1251 1489 1392 1556 quoque
1416 1465 1657 1544 includamus,
1689 1463 1726 1529 id
1747 1485 1831 1530 vero
1855 1485 1928 1528 non
1951 1462 1998 1530 ita
2021 1456 2112 1528 mihi
2130 1461 2245 1544 facile,

202 1577 320 1632 autem
337 1557 532 1646 hocame,
553 1563 602 1631 mi
615 1557 798 1653 Philipps,
832 1579 872 1633 ut
895 1585 957 1652 ego
980 1563 1064 1630 novi
1086 1564 1196 1632 alicu·
1250 1579 1290 1634 ut
1312 1569 1462 1656 ingenue
1484 1589 1607 1633 verum
1632 1563 1760 1647 fatear,
1795 1561 2014 1652 escripturis
2034 1563 2243 1652 praesertim

203 1665 258 1734 ius
285 1663 459 1752 dogmatis
486 1677 589 1732 autor
609 1687 682 1732 esse
710 1665 833 1746 velim,
866 1667 965 1756 ‘quod
993 1667 1195 1754 praesertim
1250 1668 1455 1757 persuaderi
1488 1661 1605 1734 adhuc
1639 1687 1800 1756 possurn3
1841 1665 1913 1732 imo
1946 1687 2030 1731 vero
2063 1661 2245 1732 diversum

203 1789 300 1836 nuuc
331 1766 513 1856 perturbet
545 1789 688 1856 quoquo
721 1767 826 1835 modo
847 1761 1084 1834 Ecclesiannn
1110 1791 1196 1835 con·
1251 1765 1340 1837 mihi
1359 1769 1522 1857 colligere
1538 1789 1639 1858 posse
1655 1766 1790 1838 videor.
1841 1762 1909 1835 Sed
1927 1777 2064 1849 tamen,
2088 1761 2247 1834 miPhi-

203 1867 384 1949 cordiam,
424 1879 484 1934 aut
513 1867 587 1934 sola
616 1861 771 1936 humana
800 1861 1027 1958 philosophia
1052 1869 1197 1937 nitatur.
1250 1871 1363 1962 lippe,
1402 1871 1555 1937 libenter
1588 1861 1807 1958 hic'sequar
1839 1865 2011 1935 iudicium
2045 1879 2164 1935 tuum:
2211 1880 2247 1936 et

203 1967 368 2057 Agnosco
385 1991 497 2035 meam
515 1968 588 2060 ipse
614 1969 834 2049 coecitatem,
870 1972 965 2060 quod
986 1971 1030 2038 ad
1050 1970 1198 2062 rationis
1250 1986 1477 2063 posteaquam
1495 1984 1534 2039 tu
1549 1967 1701 2051 iudicas,
1731 1965 1857 2037 utilem
1873 1967 2246 2038 nonioreuunceam

205 2070 378 2138 iudicium
396 2069 530 2140 attinet.
572 2065 620 2137 Et
636 2069 817 2138 ineffabile
833 2071 922 2140 illud
939 2069 1007 2139 Dei
1021 2083 1092 2161 opt.
1106 2095 1197 2141 max.
1252 2074 1471 2156 doctrinam,
1498 2072 1527 2140 si
1542 2083 1745 2160 urgeretur,
1776 2091 1836 2137 ero
1854 2083 1888 2137 et
1903 2091 1965 2158 ego
1981 2069 2147 2160 deinceps
2162 2095 2247 2140 mu-

203 2194 284 2260 erga
311 2166 506 2238 humanum
527 2193 637 2259 genus
664 2172 894 2270 beneficium,
934 2197 1004 2263 quo
1031 2196 1067 2241 se
1093 2172 1198 2240 nobis
1251 2189 1325 2259 tus,
1361 2175 1473 2242 donec
1497 2175 1533 2241 id
1556 2172 1651 2240 inter
1672 2192 1737 2239 nos
1759 2171 1865 2239 semel
1888 2169 2081 2263 aliquando
2103 2171 2159 2238 vel
2185 2196 2247 2239 co-

204 2272 304 2341 verbi
333 2271 388 2338 sni
418 2271 534 2339 divini
565 2273 768 2342 testimonio
798 2273 975 2364 patefecit,
1017 2274 1108 2343 tanti
1132 2297 1197 2364 pro
1250 2301 1346 2360 ram,
1378 2277 1475 2368 quod
1496 2273 1647 2345 maxime
1672 2271 1843 2364 optarim,
1875 2273 1932 2340 vel
1954 2295 2019 2362 per
2042 2273 2161 2340 literas
2186 2296 2246 2340 ex-

203 2397 280 2442 mea
301 2373 504 2440 infirmitate
520 2375 613 2464 apud
634 2398 688 2442 me
710 2375 819 2458 facio,
853 2388 893 2444 ut
912 2375 967 2442 illi
992 2376 1059 2443 soli
1082 2375 1198 2444 modis
1249 2379 1437 2450 cutiamus.
1494 2373 1572 2464 Ego
1599 2375 1694 2442 enim
1725 2377 1810 2442 alum
1835 2385 1868 2441 et
1890 2373 2041 2464 plurima
2064 2386 2098 2442 et
2122 2373 2246 2442 eadem

204 2474 373 2544 omnibus
389 2467 527 2542 etmihi
544 2489 578 2544 et
596 2475 675 2542 aliis
692 2477 926 2544 insistendum
946 2489 1077 2567 putem.
1128 2473 1199 2544 Fa·
1252 2479 1381 2565 eximia
1394 2479 1487 2546 dona
1502 2476 1570 2546 Dei
1584 2477 1623 2544 in
1639 2491 1673 2546 tc
1687 2476 1846 2558 intueor,
1871 2487 1905 2544 te
1922 2499 2034 2543 tantam
2051 2499 2123 2544 csse
2137 2475 2245 2542 etiam

204 2589 283 2646 teor
297 2577 400 2654 item,
427 2575 627 2668 omnesqui
644 2577 813 2646 traditum
836 2579 880 2645 ab
902 2577 964 2646 illo
989 2591 1022 2648 et
1041 2577 1143 2649 verbi
1165 2590 1199 2647 et
1252 2595 1366 2651 statuo
1381 2581 1473 2672 apud
1492 2603 1598 2672 quern
1613 2577 1795 2648 effundere
1810 2577 1956 2646 debeam
1972 2577 2121 2645 omnino
2137 2577 2245 2670 quid-

205 2677 756 2747 sacramentorumministerium
771 2680 987 2747 nonvolunt
1002 2701 1200 2770 agnoscere,
1253 2683 1339 2778 quid
1364 2681 1402 2750 iu
1425 2682 1545 2751 auimo
1566 2703 1646 2748 meo
1669 2677 1933 2748 dubitationum
1951 2679 2145 2746 oboriatur.
2198 2673 2247 2748 Et

203 2803 265 2847 eos
280 2772 373 2845 nihil
389 2799 531 2868 prorsus
547 2801 662 2870 neque
678 2779 719 2847 ad
734 2775 915 2849 Christum
932 2804 1047 2874 neque
1063 2782 1106 2849 ad
1124 2781 1200 2850 eius
1251 2785 1342 2854 facio
1366 2785 1402 2852 id
1431 2808 1515 2853 sane
1538 2805 1675 2852 summa
1697 2805 1776 2850 curn
1798 2779 1946 2864 fiducia,
1969 2793 2044 2850 tum
2065 2779 2245 2863 libertatc3

205 2877 399 2948 Ecclesiam
419 2879 608 2970 pertinere.
660 2876 725 2949 Est
748 2883 843 2948 enirn
867 2883 1059 2952 certissima
1078 2883 1198 2971 regula
1253 2911 1290 2956 ea
1308 2909 1388 2977 spe,
1414 2900 1455 2954 ut
1469 2908 1542 2953 non
1559 2884 1736 2962 dubitem,
1771 2893 1804 2949 te
1825 2875 1893 2950 hoc
1916 2905 1979 2972 pro
1999 2895 2058 2950 tna
2078 2875 2247 2950 humani-

203 2976 341 3051 Christi
366 2981 444 3048 illa:
479 2977 546 3076 qui
572 3003 645 3049 non
672 2976 862 3050 crediderit
888 2978 1199 3052 condemnabitur.
1253 3001 1323 3058 tate
1338 3009 1474 3079 proque
1488 2981 1679 3056 christiana
1701 2978 1869 3052 charitate
1891 2983 1976 3052 boni
1998 2981 2247 3052 consulturum

203 3079 256 3152 Et
270 3096 407 3152 tantum
425 3083 540 3165 abest,
573 3096 613 3152 ut
633 3084 757 3152 salutis
773 3084 1043 3174 promissionem
1058 3089 1101 3156 ad
1119 3109 1200 3156 coe-
1253 3113 1343 3174 esse,
1369 3090 1478 3181 inque
1494 3087 1663 3178 optimam
1683 3098 1815 3174 partem
1832 3083 2158 3173 interpretaturum.

205 3197 282 3252 tum
315 3184 507 3275 impiorum
531 3187 719 3253 transferre
743 3210 900 3277 unquam
924 3188 1119 3272 voluerim,
1159 3200 1200 3256 ut
1353 3187 1407 3260 De
1423 3213 1532 3259 coena
1547 3187 1683 3258 domini
1698 3189 1832 3276 gaudeo
1848 3185 1911 3256 tibi
1927 3185 2072 3276 probari
2088 3197 2248 3254 nostram

107 3293 109 3303 '
205 3279 276 3353 hoc
298 3284 461 3374 inprimis
484 3285 630 3354 nomine
650 3310 724 3354 non
748 3288 837 3354 bene
862 3282 919 3355 hic
942 3289 1082 3358 audiam
1105 3291 1198 3379 apud
1252 3284 1521 3382 sententiam*).
1585 3287 1731 3360 Utinam
1765 3311 1804 3357 ea
1836 3287 1925 3372 iam,
1965 3311 2050 3376 pace
2082 3286 2246 3355 omniurn

206 3386 390 3476 imperitos
421 3388 590 3477 quosdam
616 3389 747 3475 gratiae
773 3388 978 3473 iactatores,
1013 3393 1107 3482 quod
1134 3392 1201 3458 do-
1252 3389 1510 3475 Ecclesiarum,
1543 3390 1703 3460 obtinere
1726 3391 1868 3458 demum
1890 3390 2009 3478 possit.
2066 3383 2147 3456 Tua
2168 3409 2248 3456 car-

205 3511 324 3572 osam,
366 3487 617 3577 promissiones
639 3486 705 3556 Dei
734 3491 778 3557 ad
802 3503 1059 3580 contemptores
1084 3513 1200 3583 neque
1253 3493 1350 3562 mina
1367 3495 1410 3562 de
1428 3491 1531 3562 Mose
1552 3492 1591 3560 in
1605 3513 1753 3580 caverna
1767 3504 1885 3580 petrae
1900 3480 2182 3582 constituto**),
2207 3512 2249 3556 ac

206 3587 419 3679 pertinuisse
441 3611 619 3679 unquam,
658 3613 773 3682 neque
797 3615 897 3680 posse
918 3593 1066 3660 omnino
1093 3592 1202 3682 perti·
1254 3619 1396 3666 rursum
1412 3595 1456 3662 de
1473 3617 1636 3685 percussa
1656 3617 1719 3684 per
1742 3592 1844 3662 illum
1864 3603 1981 3682 petra,
2013 3603 2249 3679 magnacum

208 3713 304 3761 nere.
355 3688 503 3780 Loquor
518 3702 632 3758 autem
647 3692 692 3757 de
710 3713 750 3759 eo
765 3704 987 3779 contemptu,
1024 3694 1200 3786 quidela-
1254 3699 1434 3788 voluptate
1449 3696 1528 3785 legi.
1581 3695 1688 3764 Plane
1713 3693 1763 3761 sir
1788 3707 1853 3788 est:
1887 3691 1948 3784 qui
1971 3692 2008 3759 in
2035 3691 2121 3780 legis
2138 3691 2249 3758 mini-

208 3805 279 3859 tam
305 3790 343 3857 in
367 3784 509 3858 Christo
532 3791 681 3860 salutem
707 3793 861 3881 spernit,
892 3790 1133 3884 blasphemat,
1160 3809 1201 3880 =et
1254 3799 1361 3870 sterio
1376 3797 1483 3888 positi
1500 3797 1596 3866 illius
1612 3793 1769 3864 ministri
1789 3795 1902 3862 videri
1924 3794 2069 3878 volunt,
2100 3792 2154 3860 illi
2179 3792 2249 3882 ipsi

205 3891 311 3959 ridet.
369 3887 446 3960 lmu
469 3915 552 3960 vero
575 3886 642 3960 hoc
666 3893 781 3982 ipsum
805 3893 1014 3978 discrimen,
1048 3901 1201 3990 quorltu
1255 3901 1416 3970 omnium
1439 3898 1643 3988 gravissime
1667 3910 1916 3984 nuucpetram
1935 3896 1973 3963 in
1988 3895 2156 3964 membris
2175 3893 2248 3962 suis

202 3991 305 4060 -inter
328 4015 406 4074 eos,
441 3993 502 4084 qui
530 4017 651 4062 vocem
674 3993 740 4063 Dei
768 4019 842 4064 sese
872 3999 1109 4086 patefacientis
1138 4007 1201 4068 au·
1255 4003 1405 4084 feriunt,
1436 3997 1523 4070 haec
1545 4024 1652 4090 porro
1677 3999 1743 4067 icta
1764 3992 2249 4089 aquamnihilominusred-

209 4093 333 4174 diunt,
360 4094 470 4184 etqui
486 4094 584 4161 illam
603 4109 851 4178 contemnunt,
879 4101 1103 4166 statuendum
1129 4122 1202 4166 esse
1255 4104 1326 4186 dit,
1352 4103 1460 4194 idque
1476 4114 1573 4171 tauto
1589 4099 1764 4190 copiosius
1780 4112 1914 4190 quanto
1929 4093 2175 4166 vehementius
2198 4097 2251 4165 [ό-
2334 4179 2335 4186 ¹

211 4189 431 4284 putas:h0c
454 4193 572 4281 ipsum
596 4195 803 4284 discpimw,
836 4197 999 4288 inquam,
1033 4200 1137 4281 facit,
1162 4213 1202 4267 ut
1256 4205 1357 4274 ritur.
1414 4199 1463 4272 Et
1493 4203 1590 4270 nulla
1617 4201 1730 4270 maior
1752 4199 1946 4268 consolatio
1971 4193 2094 4266 haberi
2119 4211 2250 4287 potest,
2334 4187 2335 4216 ¹

212 4291 302 4361 mibi
319 4294 442 4361 videar
459 4315 523 4380 ego
540 4295 584 4360 de
602 4297 761 4364 omnium
779 4298 910 4388 ubique
934 4299 1124 4367 infantium
1146 4323 1202 4366 sa·
1256 4329 1359 4394 qoam
1384 4306 1469 4372 dum
1493 4317 1587 4372 certo
1612 4302 1815 4384 statuimus,
1856 4299 1993 4391 protegi
2028 4323 2094 4368 nos
2127 4301 2249 4368 (lextra

212 4396 288 4464 lute
306 4395 395 4462 bene
411 4417 550 4482 sperare
568 4417 684 4484 posse:
719 4399 851 4464 nedum
872 4412 910 4466 ut
933 4400 970 4466 in
992 4395 1083 4466 hanc
1107 4401 1202 4486 cogi·
1256 4403 1322 4472 Dei
1352 4419 1535 4493 propterea
1568 4405 1663 4496 quod
1689 4425 1754 4473 nos
1777 4403 1816 4470 in
1837 4425 1985 4471 caverna
2009 4414 2128 4492 petrae
2151 4401 2250 4469 illius

214 4497 385 4564 tationem
411 4495 576 4585 delapsus
597 4493 683 4574 sim,
722 4519 762 4562 ex
785 4497 859 4565 ulla
884 4499 1118 4568 admiratione
1146 4501 1202 4567 in·
1256 4506 1427 4587 invictae,
1478 4503 1567 4595 quae
1602 4505 1713 4574 nullis
1752 4517 1939 4572 ventorum
1977 4515 2041 4572 aut
2074 4501 2250 4572 fluctuum

213 4621 401 4666 numerare
416 4595 513 4664 illius
527 4594 777 4678 multitudinis,
803 4621 907 4688 quam
926 4599 1077 4668 insuam
1096 4601 1204 4686 ipsius
1257 4606 1450 4698 quamlibet
1466 4603 1694 4674 saevientium
1712 4605 1815 4674 stiriis
1830 4605 1908 4674 loco
1924 4628 1989 4672 suo
2010 4603 2148 4673 moveri
2169 4616 2250 4694 pot-

214 4698 407 4790 perniciem
424 4696 509 4764 ferri
523 4710 597 4766 toto
613 4709 785 4765 terrarum
803 4700 890 4766 orbe
904 4701 1076 4768 videmus.
1101 4698 1203 4769 Hanc
1257 4720 1326 4785 est,
1353 4705 1561 4774 constitutos
1576 4729 1649 4776 esse
1665 4708 1836 4774 videmus.
1886 4702 2063 4774 Dominus
2078 4707 2253 4794 adaugeat

213 4799 380 4894 equidem
406 4803 543 4887 seniper
565 4799 759 4866 statuebam
780 4798 940 4866 damnari
961 4800 1203 4870 iustoiudicio
1258 4806 1448 4874 nobiseum
1465 4805 1589 4885 fidem,
1619 4821 1660 4876 ut
1674 4820 1811 4876 tantum
1827 4806 1924 4875 illius
1941 4805 2153 4876 beneficium
2172 4805 2252 4874 ani-

215 4899 301 4986 Dei,
332 4895 447 4993 neque
467 4912 589 4986 ,tamen
610 4900 790 4968 conditam
810 4921 883 4968 esse
903 4923 923 4967 a
940 4897 1017 4969 Deo
1034 4901 1077 4968 ad
1093 4915 1205 4970 aeter·
1257 4907 1325 4974 mis
1342 4906 1470 4974 nostris
1486 4907 1634 4978 firmiter
1647 4908 1858 4998 impressum
1873 4903 2156 5000 haberesemper
2169 4929 2251 4999 pos—

226 5083 434 5099 m

1265 5123 1486 5136 -u-—a-u

250 5198 279 5268 *)
298 5199 326 5252 ld
347 5208 437 5252 umen
456 5195 559 5251 sactum
577 5215 634 5252 ease
655 5215 685 5250 ex
699 5213 742 5267 ep.
754 5193 781 5248 d.
796 5193 835 5248 15.
848 5191 898 5248 lul.
914 5193 987 5249 1545.
999 5193 1094 5276 colligi
1110 5205 1206 5278 potest,
1368 5251 1375 5266 ⁸
1694 5253 1703 5268 ο

287 5267 466 5340 uitiatarum,
489 5261 616 5320 Laelium
635 5265 687 5319 ism
705 5275 849 5334 autequam
869 5261 935 5316 baec
953 5264 1084 5317 scraberet
1103 5265 1203 5318 hhrurn
1291 5249 1320 5320 *l
1341 5252 1404 5306 Vld·
1420 5252 1795 5323 ql1³⁸⁰0¹¹lr²m⁰nu¹lMel·
1810 5252 1837 5308 tl·
1855 5249 1959 5307 1501111·
1976 5249 2050 5306 1545·

285 5336 378 5409 illum,
399 5333 691 5408 posteaadAlbcrtum
704 5332 812 5388 Ducem
826 5330 953 5402 missum,
970 5331 1119 5402 scripsisse.
1171 5402 1175 5416 .
1291 5331 1338 5404 **)
1357 5333 1531 5406 Legitur-boc
1545 5336 1696 5392 cernamur
1710 5339 1794 5407 epigr.
1808 5335 1877 5392 Mat.
1895 5337 1961 5408 μὶ.
