4654 5804
226 197 323 274 sta
797 181 1237 292 urtsroaanuu
1294 186 1403 270 atr.
1437 187 1502 270 n.
1556 185 1687 270 rasas.
2156 199 2208 276 m

226 367 322 442 Item
343 362 411 464 qui
431 357 632 436 manducat
651 369 685 433 at
706 357 799 433 sitit
816 353 1006 458 indigna'',
1036 353 1213 432 iudicium
1368 360 1461 438 Cum
1483 375 1602 436 antem
1627 387 1783 454 errores,
1814 369 1858 440 dc
1885 369 2021 464 quibm
2042 371 2153 441 dictem
2167 385 2212 456 eu,

225 469 302 543 sibi
316 461 517 539 manducat
533 474 564 536 el
580 462 684 536 bibit.
1268 477 1304 536 et
1319 463 1450 538 abusus
1464 469 1553 538 adeo
1567 469 1673 538 crassi
1689 482 1724 538 et
1741 472 1918 544 manifesti
1939 474 2031 542 sint:
2061 471 2153 540 Valde
2169 497 2215 540 ne-

327 567 424 642 llacc
439 573 577 662 peccata
592 579 774 638 merentur
785 577 945 638 aeternas
959 583 1102 656 poenas,
1124 573 1160 632 et
1176 559 1215 629 in
1268 587 1361 638 cesse
1377 583 1446 650 est,
1469 570 1554 640 tales
1575 570 1838 662 profanationes
1853 572 2075 644 sacramenti
2088 597 2150 642 non
2166 575 2217 642 dis-

181 689 185 696 '
227 671 294 746 hac
310 674 382 744 vita
397 693 498 741 causa
513 687 595 741 sunt
610 691 819 770 magnarum
841 667 1078 738 calamitatum
1094 661 1216 754 publi·
1268 669 1441 746 simulari.
1490 668 1539 741 Et
1553 665 1621 740 hoc
1642 673 1831 745 consilium
1845 675 1963 744 solum
1986 688 2103 746 tutum
2122 687 2176 758 cst,
2193 687 2221 744 ot

228 801 368 855 carum,
392 775 587 854 bellorum,
614 785 649 841 tl
669 771 882 843 vastitatum.
932 765 986 840 At
1000 768 1043 836 ad
1059 763 1215 835 offitium
1268 770 1383 864 prima
1399 784 1549 844 etvetus
1563 777 1781 845 consuetudo
1799 776 2066 846 communionis
2084 773 2150 870 †ct
2161 775 2224 843 rois-

227 878 386 950 nennium
408 876 684 964 gubernatorum
703 873 741 941 in
758 867 931 956 Ecclesia,
956 865 1215 962 Episcoporum
1268 869 1352 942 ιη’·
1376 895 1499 944 rursus
1519 873 1754 961 instauretur,
1779 887 1813 948 et
1835 877 2047 949 omittantur
2068 877 2190 945 venales
2200 889 2225 946 ct

227 995 262 1051 et
275 978 483 1069 Principum
503 975 675 1069 pertinet,
701 969 792 1044 hanc
814 971 1034 1042 manifestam
1055 965 1216 1062 profani.
1267 973 1576 1066 privataemissae.
1626 973 1697 1047 Sed
1715 979 1841 1050 diebus
1862 979 2053 1050 dominicis
2076 993 2109 1048 er
2123 977 2227 1046 insti

225 1095 334 1155 tatem
361 1076 601 1163 Sacramenti,
633 1090 807 1170 quantum
831 1074 907 1144 fieri
929 1085 1062 1165 potest,
1090 1063 1216 1164 prohi-
1267 1076 1365 1146 feriis
1390 1090 1424 1148 et
1447 1077 1527 1148 aliis
1549 1076 1694 1163 diebus,
1718 1103 1799 1150 cum
1818 1091 1941 1172 petent
1962 1080 2077 1174 aliqui
2098 1103 2229 1150 commu

227 1185 322 1256 bere.
372 1177 470 1252 llaec
486 1193 537 1250 est
552 1177 836 1249 manifestissima
852 1175 992 1245 veritas.
1268 1177 1433 1264 nionern,
1465 1173 1612 1248 honeste
1642 1179 1841 1253 celebretur
1868 1181 2093 1266 communio,
2125 1181 2160 1248 in
2179 1201 2231 1272 qua

293 1307 296 1314 ·
328 1281 510 1368 Secundo,
534 1281 641 1350 missa
663 1276 731 1349 hoc
745 1278 834 1348 falso
850 1275 1038 1369 praeconio
1057 1285 1216 1356 ornatur,
1268 1281 1451 1374 presbyter
1482 1279 1661 1373 aliquibus
1694 1283 1885 1375 exploratis
1918 1293 1953 1352 et
1985 1282 2171 1366 absolutis,
2202 1293 2232 1350 ut

227 1399 261 1457 et
281 1410 322 1456 ex
342 1380 407 1454 hac
423 1383 667 1478 persuasione,
692 1381 817 1449 missae
840 1380 999 1474 privatae
1017 1375 1215 1446 cumulatae
1269 1381 1404 1452 dictum
1436 1394 1506 1469 est,
1545 1381 1736 1456 distribuat
1763 1406 1891 1477 corpus
1926 1396 1961 1454 ct
1989 1377 2233 1476 sanguinem³⁰i

226 1501 322 1570 sunt,
347 1487 512 1556 videlicet
527 1486 624 1578 quod
642 1481 855 1553 sacrificulus
870 1481 994 1551 offerat
1009 1479 1121 1546 lilium
1139 1473 1217 1559 Dei,
1267 1479 1427 1556 Domini,
1477 1567 1483 1574 ι

227 1604 262 1660 et
287 1584 354 1658 hoc
384 1587 553 1658 sacrificio
583 1589 758 1654 mereatur
782 1579 943 1676 †vivis''
970 1579 1216 1650 remissionem
1368 1582 1552 1662 Praeterea
1568 1583 1794 1658 etdehacrc
1809 1587 1882 1658 dici
1896 1610 2035 1660 necesse
2052 1601 2119 1662 est.
2164 1582 2237 1654 Con

225 1703 449 1784 peccatorum
463 1685 505 1784 ²⁸)
528 1701 562 1758 et
583 1686 732 1757 mortuis
755 1683 1002 1777 liberationem
1025 1705 1067 1750 ex
1087 1701 1218 1771 purga·-
1269 1683 1339 1754 iam
1361 1688 1514 1779 populus
1534 1703 1630 1759 certo
1655 1690 1741 1760 sciat
1763 1713 1908 1760 coenam
1931 1686 2116 1760 aChristo
2137 1687 2238 1756 sicin-

228 1793 341 1872 torio,
374 1814 415 1860 ex
438 1814 543 1884 opere
566 1801 730 1880 operato,
764 1786 868 1857 etiarn
896 1784 972 1852 sine
995 1784 1091 1853 bono
1117 1793 1217 1850 motu
1269 1787 1427 1858 stitutam
1452 1813 1544 1875 esse,
1568 1803 1609 1861 ut
1627 1792 1732 1860 detur
1754 1803 1790 1861 et
1810 1798 1970 1862 sumatur
1991 1791 2168 1880 integrum
2188 1787 2240 1858 Sa-

228 1893 371 1966 ntentis.
1269 1903 1488 1978 crementum
1505 1915 1579 1962 non
1593 1903 1733 1962 tantum
1749 1915 1768 1960 a
1784 1893 2041 1978 sacerdotibus,
2065 1893 2131 1961 sed
2152 1889 2241 1958 etiam

329 1991 560 2064 Manlseslllm
578 2005 630 2062 eSl
650 2004 797 2074 afilem„
813 2009 958 2060 coellffll
972 1981 1120 2054 Domini
1141 2002 1216 2051 non
1269 1992 1462 2083 apopulo,
1486 1993 1592 2064 multi
1608 2005 1708 2078 sunt¹
1733 2015 1887 2087 quot-um
1902 1994 2140 2065 conscientiae
2157 1989 2244 2062 pald·

230 2097 427 2168 institutam
452 2119 517 2186 pro
546 2093 697 2164 mortuis
723 2114 813 2176 esse,
853 2091 936 2184 quia
960 2099 1074 2157 textus
1099 2097 1218 2176 aperte
1269 2103 1449 2182 anguntur
1464 2107 1609 2186 propter
1621 2115 1726 2164 usum
1742 2095 1988 2187 uniuspartis.

228 2197 400 2292 praecipit
422 2195 702 2266 recordationem
722 2193 847 2264 mortis
872 2185 1026 2268 Christi,
1053 2188 1149 2279 quod
1173 2186 1217 2254 ad
1370 2191 1630 2285 Etcmciintut
1650 2195 1744 2265 enim
1762 2197 2004 2282 dubitatione,
2028 2209 2065 2268 et
2087 2219 2127 2266 se
2146 2195 2244 2265 ittera

228 2313 387 2370 mortuos
404 2297 662 2368 accommodari
675 2317 749 2364 non
766 2305 889 2386 potest.
940 2288 1084 2360 Certum
1099 2301 1134 2357 et
1150 2280 1218 2356 hoc
1270 2299 1615 2368 commandatum
1636 2293 1771 2368 Christi
1793 2297 1962 2374 iudicant,
2013 2295 2142 2392 anue
2160 2299 2245 2366 dere

229 2415 299 2486 est,
332 2403 489 2469 viventes
517 2417 592 2467 non
615 2397 772 2487 accipere
793 2393 1036 2463 remissionem
1058 2401 1219 2480 pcccato—
1270 2397 1399 2467 scimus
1414 2399 1638 2487 gravissimas
1655 2421 1729 2468 esse
1744 2400 1904 2492 querelas
1917 2401 2059 2492 piorum
2079 2399 2123 2468 iu
2138 2395 2248 2467 multis

230 2527 309 2574 rum
325 2502 380 2570 vel
397 2515 542 2592 propter
555 2521 645 2592 opus
659 2496 866 2581 sacrificuli,
892 2493 948 2563 vel
963 2503 1105 2583 propter
1121 2489 1219 2560 aliud
1271 2497 1492 2588 regionibus,
1526 2523 1566 2570 ac
1593 2499 1805 2570 nominatim
1833 2501 1873 2570 in
1897 2498 2067 2586 Bavaria,
2104 2497 2248 2582 Austris.
2308 2505 2311 2590 l,

230 2606 467 2699 quodcunque
482 2591 571 2694 o'pus
594 2597 811 2684 humanum,
836 2599 895 2666 sed
915 2606 1051 2666 tantum
1075 2605 1220 2684 propter
1270 2599 1619 2688 luliacensiDucatu,
1644 2599 1837 2672 Brabautia
1854 2599 2113 2674 etHollandia.
2164 2597 2250 2670 llaec

228 2703 431 2788 Christum,
450 2703 594 2794 propria
611 2702 679 2770 tide
699 2701 796 2771 iusta
814 2699 1003 2768 salutarem
1019 2693 1219 2764 doctrinam
1271 2702 1446 2773 dubitatio
1470 2703 1616 2794 impedit
1639 2725 1758 2772 reram
1782 2703 2060 2783 invocationem,
2088 2716 2125 2772 et
2145 2703 2252 2772 deter-
2313 2707 2314 2752 l

230 2809 275 2878 de
291 2809 377 2888 fide,
400 2820 441 2875 ut
459 2806 628 2896 scriplum
644 2815 711 2872 0⁵12
738 2792 952 2892 lastasfida
968 2797 1039 2866 su'a
1055 2795 1156 2874 t’t't’ti·
1270 2817 1326 2875 ret
1346 2797 1509 2874 homines
1530 2806 1575 2874 ab
1598 2827 1666 2874 usu
1679 2803 1918 2884 Sacramenti,
1941 2818 1975 2875 et
1989 2803 2175 2874 utentibus
2195 2802 2253 2872 ad-

330 2904 397 2978 Est
416 2921 534 2978 autem
555 2903 698 2998 'publica
721 2902 902 2996 persuasio
919 2899 1091 2969 maximae
1109 2894 1220 2989 partis
1270 2906 1340 2976 fert
1356 2905 1535 2994 angustias
1552 2904 1682 2990 animi,
1707 2929 1797 2999 quae
1819 2905 1965 2998 pariunt
1986 2903 2253 3000 desperationes,

230 3007 437 3094 hominum,
462 3009 605 3078 missam
627 3005 756 3076 mereri
778 3001 923 3074 facienti
943 3013 977 3070 et
995 2999 1073 3069 aliis
1094 2997 1220 3070 remis·
1270 3006 1362 3078 utin
1377 3006 1500 3076 multis
1515 3007 1669 3077 ostendit
1682 3021 1840 3078 eventui,

230 3114 367 3184 sionem
384 3125 603 3202 peccatorum
619 3121 655 3180 et
669 3108 779 3178 vitam
795 3121 984 3177 aeternam.
1360 3103 1439 3178 Hoc
1457 3131 1548 3204 onus
1564 3107 1858 3180 conscientiarum
1874 3109 2012 3180 auferre
2025 3103 2066 3178 hi
2080 3106 2144 3202 qui
2157 3128 2255 3198 prae-

331 3209 381 3283 Et
402 3207 523 3282 haeret
548 3205 635 3280 haec
664 3209 703 3278 in
731 3207 911 3278 montibus
931 3201 1221 3296 praecipuorum,
1272 3221 1355 3280 sunt
1389 3208 1428 3277 in
1459 3205 1617 3279 Ecclesia
1646 3207 1816 3302 Episcopi
1842 3223 1877 3280 et
1904 3207 2086 3300 Principes
2118 3210 2257 3279 debent

230 3317 320 3388 adeo
342 3325 383 3382 ut
406 3323 551 3404 putent,
574 3311 604 3380 si
621 3310 694 3380 sint
706 3309 839 3379 assidui
860 3317 1069 3398 spectatores
1085 3303 1222 3388 missae,
1272 3307 1392 3398 Quare
1408 3309 1511 3379 valde
1532 3333 1671 3380 necesse
1686 3324 1737 3384 est
1757 3299 1897 3383 restitui
1912 3323 2182 3410 usumyetcrem
2202 3309 2256 3376 in·

231 3443 269 3491 se
289 3411 473 3486 habituros
494 3411 643 3504 gratiam
664 3409 751 3496 Dei,
776 3429 973 3488 successus,
998 3419 1033 3476 et
1057 3425 1221 3492 magnam
1271 3411 1360 3502 tegti
1378 3408 1607 3482 sacramenti.
1980 3498 1983 3506 Ι

230 3517 452 3600 felicitatem,
474 3515 580 3586 etiarn
602 3537 683 3584 cum
702 3521 926 3606 perseverant
947 3507 986 3578 in
1003 3505 1083 3576 aliis
1104 3503 1221 3574 mani·
1375 3507 1481 3582 Tales
1505 3525 1588 3582 sunt
1611 3511 1791 3603 angustiae
1818 3511 2052 3584 conscientiae
2081 3511 2187 3584 etiam
2220 3509 2259 3579 in

230 3619 329 3696 festis
343 3617 543 3690 sceleribus.
1272 3611 1513 3684 sacerdotibus
1525 3613 1719 3685 multarum
1736 3614 1921 3703 regionum
1931 3611 1984 3711 ³¹).
2017 3611 2129 3684 Multi
2145 3613 2259 3684 sciunt

331 3717 381 3790 Et
397 3729 615 3788 concurrunt
638 3715 944 3793 mullatenussae‚
970 3721 1118 3803 propter
1134 3729 1221 3802 quas
1272 3737 1311 3786 se
1341 3739 1504 3808 peccare,
1544 3717 1640 3810 quod
1672 3730 1817 3810 propter
1848 3715 2162 3796 consuetudinem,
2198 3727 2260 3788 aut

230 3834 392 3920 potentes
413 3822 515 3891 valde
538 3817 712 3889 dimicant
736 3818 781 3886 de
796 3813 939 3888 tuendis
955 3812 1081 3883 missae
1101 3809 1221 3882 abusi·
1272 3818 1496 3910 asperitatem
1512 3818 1738 3888 dominorum
1754 3818 1865 3889 coacti
1877 3817 2031 3910 privatas
2045 3830 2080 3887 et
2093 3815 2258 3886 funebres

230 3931 318 4010 bus,
344 3947 495 4016 quarum
509 3919 625 4014 prima
641 3931 707 3990 est:
733 3916 845 3988 Multi
858 3927 1019 4008 potentes
1033 3927 1067 3986 et
1081 3911 1221 4005 sapien·-
1271 3919 1394 3988 missas
1420 3919 1559 4011 legunt,
1599 3931 1634 3989 et
1648 3921 1653 3934 ’
1667 3931 1786 3989 tamen
1800 3913 1844 4013 ³²)
1876 3917 2057 3988 adversari
2085 3917 2260 3998 dominis,

231 4045 283 4104 tes
305 4027 557 4118 gubernatores
580 4023 706 4093 dicunt
727 4041 849 4090 omnes
869 4017 1083 4090 mutationes
1103 4014 1222 4087 vitan-
1272 4016 1393 4114 †qui”
1413 4021 1542 4091 nolunt
1555 4018 1672 4091 omitti
1680 4015 1722 4114 ³³)
1737 4015 1802 4090 hos
1817 4021 1907 4090 ritus
1923 4043 1998 4091 non
2013 4019 2161 4092 audent.
2190 4015 2258 4086 llis

231 4133 295 4222 das
318 4149 411 4211 esse,
435 4125 620 4217 praecipue
636 4135 753 4194 autem
777 4115 886 4190 hauc:
914 4113 1010 4206 Quia
1035 4115 1141 4188 missa
1165 4113 1222 4186 vi·
1273 4119 1499 4192 conscientiis
1521 4121 1655 4190 mederi
1675 4121 1833 4214 oportuit
1848 4115 2045 4214 Episcopos
2068 4134 2104 4190 ct
2121 4117 2260 4190 Princi-

232 4234 359 4304 deatur
374 4249 505 4310 nervus
521 4247 595 4294 esse
612 4221 804 4312 religionis.
1273 4245 1352 4314 pes,
1377 4221 1473 4298 inrita
1488 4217 1581 4292 hanc
1598 4223 1692 4314 piam
1716 4223 1874 4314 regulam
1890 4236 1925 4292 et
1937 4219 2116 4292 Ecclesiae
2141 4243 2258 4291 ncces-

331 4325 392 4396 Hi·
413 4327 555 4410 dicunt,
594 4325 768 4416 populum
798 4323 874 4392 fore
905 4318 1114 4412 profanum,
1145 4339 1221 4389 non
1273 4323 1421 4409 sariam,
1452 4347 1542 4418 quae
1570 4325 1687 4394 docet:
1722 4319 1870 4394 nullam
1893 4315 2166 4392 ordinationem
2189 4315 2258 4390 ha-

233 4439 422 4504 'venturum
440 4429 478 4497 in
495 4425 638 4518 templa,
663 4447 738 4494 non
752 4434 1002 4494 veneraturum
1016 4419 1106 4492 ullas
1124 4441 1221 4488 cere-
1272 4449 1426 4494 maram
1450 4421 1490 4496 in
1514 4419 1690 4510 Ecclesia,
1717 4417 1943 4495 retinendam
1975 4431 2041 4494 aut
2059 4419 2258 4494 ‘stabilien-

129 4524 131 4532 '
232 4531 389 4616 munias,
414 4530 445 4598 si
463 4529 591 4598 usitata
607 4527 824 4596 consuetudo
841 4522 982 4614 legendi
998 4521 1121 4592 missas
1140 4543 1220 4590 mn·
1257 4507 1362 4596 'dam
1387 4547 1481 4610 assa,
1512 4547 1606 4622 qaae
1629 4521 1802 4622 polluens
1831 4521 2088 4596 conscientiam
2111 4521 2257 4623 impedit

108 4689 114 4718 ,
233 4647 378 4710 tacetur.
419 4627 559 4702 Deinde
574 4627 728 4697 multum
744 4627 862 4696 valent
877 4619 942 4694 hae
959 4647 1110 4710 caussae,
1135 4645 1220 4692 con·
1274 4625 1537 4698 invocationem
1562 4621 1656 4709 Dei,
1686 4637 1753 4698 aut
1776 4625 2067 4716 ¹observationem
2099 4623 2257 4696 alicuius

234 4735 403 4813 suetudo,
433 4730 532 4802 lucra
547 4723 609 4826 ¹⁹),
634 4725 840 4799 excellentia
855 4725 991 4796 ordinis
1007 4724 1221 4795 sacrificulo·
1273 4721 1449 4800 maadafi
1461 4722 1591 4818 divini,
1616 4729 1704 4802 sicut
1714 4729 1847 4809 Paulus
1863 4729 1998 4826 inquit:
2023 4725 2175 4800 Datum
2188 4747 2255 4798 assa

234 4862 326 4915 rum.
378 4831 461 4904 ldco
479 4831 561 4901 satis
580 4832 726 4914 scimus,
751 4826 1040 4896 reformationem
1062 4849 1221 4897 commu-

235 4937 356 5016 nionis
369 4949 404 5006 et
421 4933 546 5005 missae
561 4931 664 5004 valde
678 4928 859 5001 difficilem
875 4949 960 5002 esse.

1275 4924 1482 4944 m

1264 5077 1267 5088 ·
1309 5041 1357 5108 80)
1375 5045 1437 5097 Per.
1451 5055 1661 5100 armamentum
1675 5048 1799 5110 eorporis
1813 5057 1841 5102 et
1853 5049 2009 5119 sanguiris.

1308 5137 1353 5207 st)
1373 5143 1529 5196 muitarum
1542 5144 1703 5211 regionam]
1716 5145 1778 5200 Per.
1792 5148 1897 5202 mann·

269 5255 315 5326 28)
332 5252 393 5308 iu.
403 5247 492 5304 addit:
506 5247 576 5300 viris
589 5251 618 5298 at
630 5243 758 5310 mortuis,
772 5243 842 5298 uiris
854 5241 1048 5296 liberationem
1060 5257 1080 5294 a
1091 5239 1223 5306 assutis.
1310 5237 1358 5310 32)
1376 5237 1440 5294 Per.
1453 5239 1490 5293 m
1501 5249 1597 5298 mmm
1609 5246 1682 5314 gara.

269 5360 315 5428 2⁹)
331 5355 423 5418 tarra]
437 5349 501 5404 Pes·
512 5349 608 5417 lonta-
1310 5335 1356 5408 id)
1376 5339 1482 5408 omitti]
1497 5342 1561 5396 l’cr·
1573 5343 1712 5398 amittere.

239 5139 434 5164 „affl—⁶⁸⁸⁶·-
