4670 5806
215 266 291 343 4ὓῖ
780 259 1212 336 EPISTOLARUM
1269 259 1379 334 LlB.
1411 259 1475 334 lX.
1521 259 1664 337 1⁵44.
2168 261 2251 338 488

217 437 410 508 coercenda
433 437 647 522 iuventutis.
658 435 849 526 petulantia
884 433 1100 523 gravissime.
1158 429 1208 501 Et
1259 443 1485 500 enarraturus
1509 443 1561 500 est
1585 443 1619 500 et
1642 433 1809 528 exemplis
1831 433 2081 508 illustraturus.
2138 431 2249 502 Prae·
2328 497 2329 510 ,

216 539 358 610 aetditae
390 551 485 608 sunt.
503 533 692 604 Ambrosii
722 537 916 604 sententiae
950 531 1206 618 memorabiles,
1258 531 1348 618 leget
1365 543 1479 600 autem
1503 525 1590 600 hora
1607 533 1827 606 duodecima.
1880 533 1976 604 Utile
1992 549 2062 619 est,
2089 529 2248 604 hominis
2328 541 2329 618 j

217 638 608 730 tanquamauctarinm.
649 637 769 724 Quare
785 636 850 706 tibi
864 649 898 704 et
916 629 1028 704 habeo
1044 635 1205 724 gratiam,
1257 632 1363 722 periti
1379 645 1412 701 et
1430 632 1572 701 artificis
1591 633 1804 702 celeritatem
1819 647 1854 704 et
1870 636 2109 706 dexteritatem
2124 636 2248 704 videre
2328 669 2329 740 j

217 753 254 810 et
267 739 413 808 referam
430 734 547 808 αὐτοῦ
563 741 618 831 τῷ
632 735 775 831 μέτρῳ,
796 735 949 804 vicissim
966 736 1099 827 aliquid
1117 734 1204 802 scri·
1256 734 1544 805 et-considerore.
1597 736 1734 802 Acuere
1761 735 1856 804 enim
1874 749 1908 805 et
1922 737 2089 806 adiuvare
2106 737 2248 808 discen·
2328 761 2329 776 ¹

148 853 160 860 “
218 853 358 931 ptorum
382 838 537 920 mittam,
563 863 643 908 cnm
665 835 872 906 habebimus
890 838 1080 919 editiones,
1117 859 1203 928 quas
1255 847 1307 902 tes
1322 847 1449 923 potest:
1473 857 1538 904 nec
1554 835 1733 924 poenitere
1749 837 1854 906 debet
1868 837 2045 906 studiosos
2060 835 2194 909 laboris
2211 851 2248 908 et
2328 851 2329 936 f

215 939 417 1008 arbitrabor
437 939 504 1008 tibi
526 941 699 1028 voluptati
722 941 808 1012 tore.
861 937 914 1006 Dc
928 937 1127 1006 Iuventutis
1142 961 1203 1025 pe-
1255 934 1458 1022 diligentiae
1472 935 1510 1003 in
1527 930 1760 1009 arithmetica.
1811 935 2247 1048 Magnatlausestetma-

215 1039 383 1122 tutantia,
408 1054 443 1108 et
466 1039 567 1108 viciis
582 1038 750 1130 Reipnhl.
773 1063 846 1108 non
870 1040 1015 1131 quidem
1036 1039 1204 1107 amitten·
1254 1057 1321 1123 gna
1344 1035 1498 1119 utilitas,
1523 1031 1615 1105 hanc
1631 1050 1740 1106 artem
1757 1051 1896 1120 tenere,
1923 1062 2012 1131 quae
2032 1049 2067 1110 et
2090 1041 2127 1108 in
2143 1039 2246 1108 omni

215 1141 281 1213 dac
303 1151 387 1210 sunt
408 1141 588 1232 querelae,
620 1144 680 1210 secl
703 1139 807 1208 dolor
836 1141 947 1208 animi
966 1139 1203 1208 moderandus
1253 1137 1324 1204 vita
1341 1151 1411 1206 tam
1427 1158 1592 1224 magnum
1607 1161 1710 1206 usum
1725 1133 1848 1224 habet,
1873 1152 1907 1209 et
1923 1140 2057 1208 aditum
2081 1141 2246 1232 patefacit

214 1253 278 1313 est.
303 1237 342 1312 Si
357 1241 885 1312 adiuvarenturconcionatores
900 1255 934 1310 et
950 1245 1203 1330 gubernatores
1253 1239 1298 1305 ad
1325 1233 1522 1305 doctrinam
1555 1239 1600 1306 de
1631 1233 1786 1309 motibus
1809 1241 2029 1312 coelestibus.
2083 1240 2244 1309 Tantum

214 1336 416 1418 scholarum
438 1339 719 1432 aPrincipibns,
743 1343 876 1410 frenari
893 1339 1059 1412 luventas
1077 1341 1203 1408 melius
1253 1339 1547 1427 impedimentum
1581 1353 1632 1410 est
1671 1363 1899 1430 progressuro
1938 1342 1976 1412 in
2011 1334 2247 1434 Philosophia

212 1455 342 1534 posset.
391 1438 462 1512 Sed
481 1464 581 1533 saepe
597 1443 707 1526 sensi,
732 1443 906 1532 voluptati
930 1467 1002 1512 esse
1023 1442 1113 1510 antis
1135 1436 1202 1510 hoc
1253 1438 1416 1527 ignorare
1441 1434 1719 1525 arithmeticam,
1745 1455 1918 1534 quantum
1948 1443 2246 1534 impedimentum

214 1542 473 1633 spectaculum,
496 1566 577 1610 cum
593 1543 715 1613 vident
740 1568 822 1626 nos,
849 1557 1016 1636 tanquam
1040 1545 1078 1611 in
1095 1566 1201 1611 arena
1254 1555 1305 1610 est
1326 1541 1473 1610 coecitas
1492 1541 1560 1610 iter
1582 1564 1645 1630 per
1661 1542 1738 1610 loca
1754 1543 1922 1620 inusitata
1938 1543 2090 1614 facienti.
2143 1541 2192 1614 Et
2214 1545 2245 1626 si

212 1636 405 1733 luctari*).
456 1641 626 1712 Feramus
650 1644 758 1732 igitur
791 1645 927 1733 ingenti
949 1638 1201 1734 Philosophico
1253 1641 1332 1732 quis
1347 1635 1603 1711 arithmeticam
1620 1643 1845 1714 mediocriter
1860 1645 2042 1729 didicerit,
2063 1639 2170 1716 habet
2186 1669 2245 1714 ar·-

213 1755 249 1812 et
268 1737 472 1814 Christiano
493 1743 613 1813 animo
639 1744 810 1829 iniurias,
838 1769 904 1816 nec
926 1762 1110 1837 propterea
1135 1768 1201 1812 nos
1247 1732 1342 1822 ωτι,
1375 1766 1465 1835 qnae
1496 1737 1689 1833 provehere
1723 1765 1805 1814 eum
1829 1747 1920 1816 adt
1970 1746 2103 1817 ctiones
2127 1747 2244 1816 varias

211 1843 343 1916 abduci
357 1841 532 1914 abofficio
548 1858 670 1916 nostro
688 1845 857 1930 sinamus,
878 1870 1111 1938 repugnemus
1125 1869 1201 1914 me·
1252 1857 1365 1934 potest
1379 1859 1413 1913 et
1430 1843 1605 1935 praesidio
1624 1865 1697 1913 esse
1712 1845 1815 1915 vitae.
1866 1769 2042 1939 ldehxhton
2059 1846 2244 1937 negligen-

212 1943 383 2016 diocriter
403 1944 518 2014 furori
538 1938 745 2031 bominum,
781 1957 816 2016 et
837 1947 869 2016 si
892 1971 981 2042 qnos
1006 1969 1201 2039 possumus,
1252 1947 1296 2013 da
1312 1958 1363 2015 est
1380 1939 1465 2014 haec
1480 1967 1555 2030 ars,
1581 1968 1671 2038 quae
1687 1945 1831 2038 quidem
1847 1961 1975 2020 natura
1989 1947 2150 2018 omnium
2168 1948 2242 2038 pri-

211 2044 452 2116 flectamusad
469 2045 647 2122 virtutem.
696 2044 767 2118 Hic
780 2042 871 2118 mihi
891 2072 1017 2139 scopus
1037 2047 1201 2140 proposi·-
1253 2058 1392 2129 maest,
1416 2059 1457 2116 ut
1473 2069 1703 2115 numerorum
1724 2047 1859 2137 agnitio
1875 2049 2030 2141 primum
2051 2048 2174 2120 lumen
2192 2061 2243 2120 est
2329 2053 2330 2092 ³

211 2159 269 2216 tus
285 2157 347 2228 est,
372 2141 431 2230 hic
445 2145 526 2216 linis
538 2170 700 2218 meorum
713 2149 943 2220 consiliorum
960 2163 993 2219 et
1006 2173 1102 2218 meae
1110 2142 1200 2216 Phi·-
1251 2147 1390 2219 mentis.
1440 2142 1589 2241 (1⁵44.)

131 2307 135 2320 ,
209 2241 405 2335 losophiae.
444 2245 642 2318 Meministi
656 2249 789 2320 dictum
804 2243 1198 2340 sapientissimumFri-

211 2340 326 2418 dorici
335 2344 465 2430 Ducis,
488 2342 674 2433 Tantum,
695 2357 874 2446 quantum
887 2373 1048 2448 possum.
1100 2351 1199 2420 ldem
1249 2383 1359 2399 --

209 2470 277 2518 nos
299 2445 338 2516 in
360 2461 483 2518 nostro
504 2471 651 2520 munere
664 2473 864 2544 sequamur.
915 2451 1095 2523 Prosimus
1110 2451 1199 2523 llei-

207 2549 295 2638 puh·
309 2561 343 2618 et
356 2547 569 2638 posteritati,
595 2564 768 2643 quantum
784 2563 985 2644 possumus}
1011 2554 1199 2644 praesidia,
1249 2547 1444 2624 Noaost.
2080 2569 2139 2632 so.
2155 2559 2240 2645 Sept.

209 2649 369 2737 gratiam,
379 2650 531 2738 praemia
548 2649 651 2722 aDeo
665 2667 900 2742 expectemus:
916 2653 1083 2724 Humana
1098 2657 1196 2724 nulla
1255 2643 1426 2674 Μ
2072 2653 2239 2680 w*

209 2762 304 2818 sunt.
355 2745 425 2819 Hic
446 2743 674 2824 scholasticus
695 2747 927 2824 Lisnicensis
948 2756 1072 2826 scribit
1100 2757 1198 2828 solu·
1521 2748 1669 2832 lauch.
1702 2745 1964 2842 camerario.

209 2863 282 2921 tarn
318 2849 532 2936 orationem,
566 2867 601 2924 et
628 2877 750 2924 versus
775 2855 859 2928 satis
885 2859 1034 2933 erudite.
1092 2857 1196 2928 Nunc
1315 2903 1763 2979 Epio.a‹tcamerar.p.teosq.
1782 2907 1931 2976 (satana
1957 2909 2097 2968 'MV‘
2139 2915 2213 2984 ⁶45)

210 2962 308 3032 orat,
334 2950 396 3042 qui
414 2952 634 3042 praeficiatur
651 2950 792 3027 scholae
806 2953 1003 3034 Bornensi.
1055 2958 1145 3030 Nam
1167 2961 1197 3028 is
1933 2947 1942 2966 ’
2058 2933 2125 2986 '⁹'
2192 2953 2221 2971 ‘⁰

209 3049 272 3143 qui
288 3051 402 3120 fuerat
417 3055 602 3126 accersitus
619 3069 779 3128 mortuus
793 3073 854 3130 est.
907 3059 1057 3130 Videtur
1079 3075 1195 3132 autem
1247 3047 1472 3128 Clarissimo
1495 3056 1572 3128 viro
1598 3055 1801 3130 eruditione
1827 3069 1859 3130 et
1882 3061 2010 3134 virtute
2031 3067 2244 3162 praestanti

207 3143 267 3222 hir
283 3139 488 3220 Chilianus
504 3158 661 3226 modesto
678 3170 711 3228 et
731 3159 826 3228 bono
845 3161 987 3249 ingenio
1008 3164 1195 3250 praeditus.
1247 3157 1274 3228 I
1281 3154 1489 3230 oachimo
1517 3152 1636 3230 Cam.
1668 3155 1764 3238 Pab.
1788 3155 1941 3233 Rectori
1964 3161 2082 3244 Acad.
2106 3163 2241 3268 Lipsi-

208 3247 257 3334 Et
271 3251 460 3341 pollicetur
475 3277 512 3324 se
531 3279 606 3324 non
628 3259 703 3326 lore
720 3275 960 3330 contumacem
977 3267 1145 3334 adversus
1162 3279 1196 3333 te
1518 3283 1597 3343 cae,
1623 3261 1742 3332 amico
1756 3287 1825 3334 suo
1840 3262 1968 3336 carras.

209 3363 244 3420 et
259 3352 536 3424 concionatores.
585 3353 671 3426 Ideo
686 3381 766 3427 enm
788 3361 854 3429 tihi
870 3367 1091 3438 commendo.

207 3447 425 3543 Episcopum
447 3445 632 3526 Cicensem
662 3458 748 3528 alias
774 3461 935 3536 scribam.
986 3463 1084 3534 Bene

206 3549 277 3624 Die
291 3551 354 3630 28.
372 3552 551 3646 Septemb.

1138 3362 1194 3434 Ad
1246 3374 1294 3464 S.
1320 3393 1364 3464 D.
1414 3392 1521 3462 Hunc
1542 3395 1750 3464 fasciculum
1773 3395 1923 3488 accipies
1945 3419 1964 3467 a
1988 3400 2066 3470 viro
2087 3395 2237 3474 honesto
2330 3401 2331 3486 l

1108 3467 1196 3538 Vm·
1250 3509 1284 3565 et
1308 3497 1397 3564 hone
1424 3496 1550 3598 merito
1583 3499 1627 3564 de
1652 3492 1829 3580 Ecclesia,
1859 3491 2033 3568 Iohanne
2058 3495 2240 3574 Teatorio

1250 3597 1394 3667 Pastore
1407 3591 1586 3664 Ecclesiae
1603 3593 1816 3693 Neapoli¹),
1842 3599 1906 3670 sita
1928 3601 1966 3668 in
1988 3600 2168 3695 'l'yrigetis
2191 3609 2238 3675 ad
2330 3679 2331 3684 ,

1249 3699 1382 3767 llumen
1405 3695 1611 3780 Aurelium,
1640 3699 1702 3790 qui
1726 3709 1765 3769 nt
1785 3699 1922 3770 aditum
1944 3701 1989 3770 ad
2015 3716 2050 3772 te
2082 3699 2238 3794 haberet,

1250 3801 1432 3919 epistolam
1451 3821 1477 3916 'a
1500 3821 1556 3866 me
1576 3799 1756 3922 flagitarit.
1812 3799 1946 3890 Magno
1970 3803 2074 3873 nobis
2097 3809 2180 3876 usui
2203 3821 2238 3879 et

207 3941 405 4071 Q·
471 3924 474 3936 ’
995 3967 1198 4087 (Q)
1247 3895 2237 4098 §titttttttti’ttttttttttt§.tgtff't‘t‘i

580 4145 818 4238 Studiosis·
1248 4095 1923 4290 quheai'eiiiiiirrirviiiiinlictticretuig’oet
1939 4097 1998 4174 hie
2019 4129 2092 4178 una
2109 4109 2235 4182 fuistis.

304 4297 498 4373 scrtpopubt.
512 4302 627 4361 Witet.
643 4309 677 4364 T.
693 4309 713 4366 t.
731 4331 758 4382 p.
772 4312 840 4370 sab.
968 4268 972 4274 Ι
1358 4299 1467 4372 Mitto
1485 4302 1550 4371 tibi
1568 4229 1750 4394 epiitolam
1768 4227 2026 4397 liunggalicam,
2049 4308 2088 4378 iu
2112 4325 2234 4404 quaet

253 4425 256 4432 ,
496 4451 504 4470 ,
543 4452 551 4472 ,
784 4407 788 4416 ’
1247 4396 1409 4472 historias
1427 4403 1597 4494 quasdam
1619 4419 1775 4476 recentes
1789 4403 2043 4495 Hungarorum
2058 4411 2170 4501 leges,
2200 4425 2234 4484 et

410 4443 527 4524 ΡΜ
534 4479 608 4572 'Pl'
618 4483 669 4528 ¹¹⁸
693 4455 752 4530 M
755 4462 798 4534 ⁰1
804 4489 828 4533 α
838 4475 883 4536 '²²
892 4459 918 4533 ἦ
928 4491 993 4536 ⁰²¹·
1245 4503 1382 4573 videbis
1398 4517 1554 4572 nostram
1569 4504 1843 4577 familiaritatem
1857 4507 1936 4578 aliis
1952 4509 2058 4580 bonis
2073 4505 2234 4583 homini-

206 4561 319 4660 ΕΜ
333 4581 497 4671 libellus,
522 4589 580 4659 cui
597 4590 720 4666 titulus
737 4608 787 4665 est
800 4591 962 4694 Isagoge
978 4595 1193 4672 Arithmeti-
1244 4603 1310 4673 bus
1323 4603 1427 4673 etiam
1444 4603 1635 4675 iucundam
1650 4629 1735 4681 esse.

207 4705 280 4768 ces,
317 4683 460 4800 collecta
494 4701 529 4758 et
561 4692 655 4760 edita
685 4717 749 4783 per
779 4691 1014 4772 Inachinmm
1042 4699 1192 4773 Ammo-
1346 4695 1472 4800 Λόγος
1490 4703 1741 4804 πανηγυρικὸς
1754 4703 1791 4804 ²)
1813 4703 1897 4803 718θῖ
1911 4698 1967 4782 ⁰5⁷
1983 4705 2232 4809 ὗπηνῐξᾶμψί

206 4783 310 4852 niam
329 4777 564 4870 Nissensem,
590 4793 743 4886 quisine
766 4799 1190 4890 amhagibusbrevissima
1243 4805 1281 4872 in
1306 4804 1465 4896 proxima
1493 4807 1660 4898 epistola,
1689 4805 1778 4882 νυνὶ
1800 4805 2060 4904 ἐκδεδομένος,
2092 4811 2235 4911 κινήσει

205 4897 387 4977 praecepta
417 4887 592 4974 continet,
632 4917 782 4987 quorum
811 4903 984 4974 maximus
1014 4922 1190 4978 ususxest.
1240 4909 1318 4978 τῶν
1339 4899 1563 5004 δημηγόρων
1586 4905 1735 5008 φρένας.
1786 4909 1891 4983 Meus
1915 4913 2026 4987 freter
2040 4913 2130 4988 mihi
2151 4941 2233 5012 gra-

203 4983 312 5057 Hunc
330 4987 491 5058 libellum
509 4983 699 5066 Iohannes
716 4989 912 5098 Fischer')
937 4999 1189 5080 Arithmeticus

202 5168 411 5186 ψ

237 5272 265 5340 *2
1143 5247 1147 5257 ·
1273 5229 1451 5358 ”true
1469 5233 1987 5384 aratra
2083 5265 2127 5320 ..

237 5359 270 5429 1)
291 5357 350 5422 tta,
365 5352 444 5418 ‹te'eo
456 5383 498 5438 ep.
512 5349 540 5423 t.
555 5368 582 5426 7.
598 5366 692 5444 septb.
703 5389 727 5428 ι.
745 5371 820 5435 tsts.
1271 5385 1301 5456 ι)
1318 5373 1549 5446 mammen...
1559 5389 1593 5446 t·
1605 5405 1693 5450 Μ..
1705 5407 1793 5448 m.
