4654 5804
191 253 267 328 att
769 231 1211 318 aristonettttit
1268 237 1378 320 tta.
1412 237 1478 320 tx.
1530 235 1664 318 tate.
2163 241 2240 320 (ιιι

294 415 365 489 Hic
391 415 560 488 articulut
583 407 652 486 1)θὶ
676 407 846 482 beneflcio
868 407 908 476 5¹¹
930 401 1099 478 Ecclctiit
1122 430 1190 477 no·
1244 422 1279 484 et
1293 423 1459 504 corrupte
1472 414 1652 501 tradatur,
1675 413 1780 484 valde
1795 413 1950 506 postolat
1963 409 2142 486 Ecclesiae
2156 413 2240 483 uni-

198 519 279 592 stris
292 520 432 612 copiose
448 518 645 588 declaratus
660 527 723 586 εει.
773 507 847 581 Nee
861 533 945 580 vero
963 509 1113 582 dubium
1129 521 1191 596 est,
1244 537 1364 584 versae
1384 515 1590 600 necessitas,
1614 527 1656 586 ut
1678 539 1758 586 vera
1776 517 1935 588 doctrina
1959 517 2182 586 concorditer
2204 527 2239 588 et

198 636 362 713 0P⁰rl⁸re
387 622 425 690 3¹1
444 616 604 702 Ecclesia
633 613 799 684 fluitem
827 623 944 682 extare
972 623 1007 682 et
1035 611 1192 704 proponi
1245 615 1289 685 de
1309 610 1379 688 hoc
1400 616 1480 686 loco
1503 618 1681 703 tradatur,
1711 618 1876 688 videlicet
1900 641 1990 710 quae
2013 641 2120 710 opera
2141 612 2239 688 Deua

198 720 295 794 hunc
311 723 520 806 articulum,
544 717 635 788 sicut
651 715 746 807 apud
768 735 834 782 nos
851 707 890 808 ¹¹)
913 714 1059 784 docetur
1074 727 1109 784 et
1128 713 1193 782 de·
1245 717 1418 808 postulet,
1444 720 1625 810 quomodo
1641 731 1763 790 nostra
1778 717 1980 790 obedientia
2002 720 2138 810 placeat
2152 715 2241 803 Deo,

200 827 363 896 claretur.
415 822 506 893 Nam
523 815 610 890 haee
626 841 698 888 una
714 828 767 886 est
784 815 829 884 de
845 812 1054 884 remissione
1070 837 1193 908 pecea-
1244 842 1326 888 oum
1345 819 1521 888 tamenin
1540 813 1694 892 hafflig,
1712 820 1751 889 in
1769 833 1868 892 tama
1888 835 2007 892 nom,
2032 819 2241 890 infirmita„

198 941 316 998 torum
341 939 373 994 et
400 919 704 1003 reconciliatione,
736 939 838 996 vera,
871 927 1031 1004 aeterna,
1064 931 1099 987 et
1123 915 1193 984 ir'n-
1245 915 1363 990 adhue
1391 933 1560 992 maneant
1584 935 1725 1013 peccata
1754 923 1794 991 in
1817 922 1985 994 omnibus
2012 917 2240 992 hominihus<

200 1041 296 1100 mota
319 1023 388 1097 Dei
412 1023 606 1106 sententia,
635 1031 676 1090 ut
698 1015 780 1092 Αει.
799 1017 858 1090 10.
876 1017 1059 1088 scribitur:
1093 1012 1193 1087 Huic
1245 1018 1335 1092 ltem
1354 1021 1399 1092 de
1414 1021 1620 1094 discrimine
1637 1037 1873 1114 peccatorum,

200 1149 322 1202 omnes
337 1119 541 1225 Prophetae
557 1117 803 1194 testimonium
825 1109 1017 1216 perhibent
1026 1173 1036 1205 ,
1063 1114 1191 1190 remis:
1345 1118 1400 1192 De
1415 1118 1471 1192 his
1487 1125 1595 1195 tantis
1614 1125 1721 1196 rebus
1735 1138 1827 1196 recte
1841 1137 1877 1195 et
1890 1124 2041 1194 fideliter
2062 1123 2241 1194 illuserat,

198 1229 338 1304 sionem
377 1237 605 1327 peccatorum
639 1219 797 1320 accipere
835 1217 906 1318 per‘
933 1241 1064 1290 nomen
1096 1217 1192 1304 eius,
1245 1235 1299 1294 εει
1323 1223 1487 1296 doctrina
1514 1223 1553 1294 in
1575 1223 1747 1296 Ecclesiis
1777 1226 1926 1312 nostris,
1959 1249 2065 1320 quam
2092 1225 2240 1318 quidem

201 1353 324 1404 omnes
339 1327 408 1430 (μή
421 1323 570 1400 credunt
587 1324 626 1398 t'n
644 1346 736 1397 tum·
1245 1348 1321 1394 non
1350 1325 1549 1396 iudicamus
1571 1322 1796 1400 scholasticas
1831 1327 1985 1419 argutias
1999 1322 2042 1421 ¹²)
2071 1348 2166 1412 esse,
2205 1337 2241 1404 et

301 1431 356 1506 Ac
371 1433 443 1506 niti
463 1427 572 1504 huius
587 1425 729 1498 arlicull
745 1421 909 1494 doctrina
924 1434 1083 1493 servetur
1103 1444 1193 1512 pura
1246 1426 1376 1498 otiosas
1392 1426 1634 1498 cavillationes
1649 1430 1860 1515 verborum,
1884 1443 1926 1500 ut
1949 1427 2053 1500 multi
2075 1423 2241 1498 homines

201 1551 236 1610 et
255 1536 410 1622 sincera,
442 1533 564 1625 magni
585 1543 620 1602 et
640 1521 790 1598 Etbniei
820 1547 959 1596 errores
986 1515 1215 1616 sequuntur.'
1246 1529 1387 1621 prolani
1404 1529 1613 1622 loquuntur.
1652 1527 1772 1619 Quare
1788 1553 1854 1600 nos
1870 1521 2007 1601 mutare
2021 1552 2098 1600 non
2113 1551 2241 1621 possu-

201 1638 320 1712 Corda
347 1633 537 1708 bominum
558 1629 768 1702 manentia
794 1626 936 1698 assidua
960 1625 1195 1710 dubitatione,
1245 1651 1336 1704 roris.
1387 1627 1428 1701 Si
1444 1631 1524 1724 quis
1540 1644 1656 1702 autem
1673 1643 1775 1722 putat
1787 1653 1861 1702 esse
1877 1633 1982 1702 ludos
1998 1625 2242 1715 scholasticos,

203 1743 303 1812 reiut
324 1741 419 1832 apud
441 1733 633 1818 Ethnieos,
664 1753 729 1800 nee
754 1729 892 1798 lirmam
915 1726 1194 1797 consolationem
1242 1755 1287 1801 ac
1301 1753 1384 1800 vera
1400 1732 1550 1818 mutari,
1576 1744 1611 1802 et
1630 1733 1718 1805 salsa
1740 1745 1866 1804 ornata
1889 1733 1979 1804 lueis
1999 1730 2110 1823 recipi
2126 1753 2242 1824 posse,

203 1839 357 1928 babent,
387 1841 450 1910 sed
474 1838 617 1928 lugiunt
638 1831 774 1916 Deum,
799 1852 866 1900 nec
896 1841 989 1900 recte
1015 1829 1194 1900 invocant.
1246 1827 1307 1902 bic
1325 1831 1428 1918 sciat,
1454 1833 1592 1903 etiamsi
1611 1856 1708 1904 nune
1732 1855 1876 1906 securus
1896 1839 1976 1904 'non
1999 1833 2127 1904 metuit
2143 1830 2241 1902 iodi-

202 1943 329 2016 Postea
352 1943 475 2012 mirari
493 1937 718 2030 disciplinam
739 1945 775 2002 et
793 1954 894 2002 suam
915 1929 1087 2001 iustitiam
1102 1928 1195 1998 inci·
1248 1935 1342 2004 cium
1356 1929 1436 2019 Dei,
1460 1949 1578 2006 tamen
1593 1937 1736 2006 tandem
1749 1958 1881 2028 poma,
1894 1936 2139 2008 testificatum
2154 1955 2241 2019 em,

205 2045 333 2138 piunt,
354 2039 483 2128 †bane
497 2031 739 2132 amplificant”
757 2045 793 2104 et
807 2033 946 2123 lingunt
966 2031 1195 2124 complacare
1245 2031 1483 2122 Evangelium
1502 2057 1576 2106 esse
1591 2035 1806 2108 fabulosum⁸

205 2149 297 2218 ham
311 2143 396 2231 Dei,
421 2157 456 2216 et
471 2141 601 2214 mereri
620 2133 865 2210 remissionem
882 2146 1123 2226 peccatorum:
1147 2127 1196 2202 Et
1347 2131 1405 2204 Ei
1420 2131 1477 2205 liis
1494 2137 1653 2208 articulis
1668 2139 1730 2208 alii
1746 2149 1962 2232 sequuntur,
1986 2137 2050 2230 qui
2064 2133 2242 2228 delegiti·
2324 2149 2325 2218 j

107 2297 110 2306 ,
207 2250 290 2343 quia
308 2261 424 2318 tamen
439 2257 584 2315 manent
603 2242 643 2310 in
660 2237 898 2342 dubitatione,
920 2235 1197 2306 cumulantmoa
1247 2261 1308 2310 mo
1323 2249 1358 2310 et
1375 2237 1522 2310 salutari
1542 2261 1610 2310 usu
1624 2237 1937 2312 sacramentorum
1952 2239 2163 2334 loquuntur.

205 2353 271 2422 dos
302 2349 528 2439 disciplinae,
561 2341 760 2431 excogitant
788 2351 872 2408 vota
900 2330 1132 2407 monachatus
1162 2348 1197 2404 et

105 2469 109 2530 ζ
205 2453 340 2524 multos
366 2451 468 2524 ritus.
529 2443 598 2516 His
621 2440 854 2534 opinionibus
875 2450 911 2508 et
930 2434 997 2508 hae
1017 2433 1196 2530 hypocrisi

103 2567 109 2628 f
205 2555 317 2644 magis
332 2551 513 2644 magisque
534 2548 744 2618 obscuratur
766 2539 928 2610 doctrina
951 2541 995 2610 de
1017 2537 1197 2608 beneficiis
1348 2531 1562 2608 Constanter
1585 2549 1620 2608 et
1642 2561 1761 2608 severe
1783 2535 1990 2610 retinendus
2015 2532 2094 2620 'set
2115 2538 2244 2608 delen-

206 2651 360 2740 Christi,
386 2667 420 2724 et
443 2654 487 2722 de
508 2649 576 2719 lide
594 2657 768 2718 statuente
793 2641 900 2732 gratis
923 2639 1050 2710 donari
1073 2639 1197 2708 remis-
1249 2635 1412 2708 dendus·
1439 2652 1490 2709 est
1520 2639 1716 2730 baptismus
1737 2639 1932 2725 inlautum,
1960 2652 1997 2710 et
2017 2641 2062 2708 ad
2082 2639 2243 2708 excitau-

103 2763 109 2806 ’-
207 2759 343 2842 sionem
363 2765 605 2847 peccatorum,
628 2760 663 2818 et
677 2747 717 2816 in
737 2744 905 2816 cordibus
921 2736 1111 2812 inchoante
1133 2764 1197 2832 pa·
1250 2739 1333 2808 dam
1355 2739 1394 2806 in
1414 2739 1663 2811 circumstante
1685 2753 1789 2811 coetu
1804 2739 2065 2812 invocationem
2080 2737 2246 2826 Domini,

105 2871 108 2880 '
208 2883 286 2930 cem
307 2873 342 2928 et
362 2857 472 2926 vitam
497 2865 695 2936 aeternam,
726 2848 770 2932 de
791 2869 861 2940 qua
886 2843 1032 2915 dicitur:
1066 2837 1198 2912 Iustus
1250 2839 1338 2910 utile
1358 2853 1447 2910 esset
1465 2840 1504 2908 in
1527 2841 1676 2932 singulis
1698 2841 1805 2925 locis,
1830 2842 1951 2931 lingua
1973 2841 2152 2930 intellecta
2174 2864 2244 2932 po-

1594 2395 1658 2472 De
1678 2398 1891 2502 Baptismo.

198 2955 279 3053 fida
292 2982 362 3030 sua
379 2955 479 3026 vivat.
717 3007 720 3012 .
832 2987 839 3002 ·
1248 2941 1335 3032 pulo
1351 2942 1581 3032 pronunciari
1598 2965 1728 3034 preces,
1753 2942 1835 3012 lidei
1850 2943 2102 3034 professionem
2118 2936 2177 3034 ¹³),
2205 2953 2245 3014 et

310 3059 474 3152 Denique
493 3051 556 3126 bic
578 3053 766 3138 articulus,
793 3060 836 3118 nt
857 3046 898 3116 in
920 3046 1052 3118 nostris
1074 3041 1198 3116 Eccle-
1251 3041 1358 3110 verba
1373 3043 1559 3132 baptismi,
1583 3068 1648 3114 nec
1663 3067 1753 3134 opus
1770 3057 1821 3114 est
1838 3057 1899 3114 aut
1917 3045 2054 3136 plures3
2081 3057 2143 3114 aut
2160 3043 2245 3112 lon,

210 3163 272 3232 siis
307 3164 454 3232 docetur
487 3170 522 3227 ει
551 3155 782 3244 intelligitur,
825 3161 877 3220 est
907 3149 1096 3240 praecipua
1130 3172 1198 3217 vox
1250 3142 1366 3232 giores
1380 3145 1597 3216 ceremonias
1613 3145 1717 3230 addi,
1741 3168 1849 3239 quam
1865 3145 2014 3216 nuncin
2030 3167 2097 3216 usu
2110 3157 2209 3216 sunt·

208 3262 416 3356 Evangelii,
438 3283 544 3352 quam
565 3271 700 3327 mutare
724 3274 799 3324 non
825 3253 907 3319 licet
927 3248 995 3318 ulli
1019 3262 1199 3320 creaturae

210 3367 249 3436 in
265 3365 362 3436 coelo
380 3377 441 3434 aut
458 3363 497 3428 in
512 3373 615 3432 terra.
667 3356 738 3427 Sed
753 3366 805 3422 est
818 3349 886 3420 Dei
904 3363 1105 3434 aeternum,
1130 3351 1199 3418 im·
1510 3393 1526 3406 .
1617 3293 1874 3400 C⁰nfilm⁰¹¹⁹ffi

157 3483 161 3490 “
211 3481 367 3550 motum,
394 3477 428 3533 et
458 3459 680 3532 immutabile
707 3458 909 3536 decretum,
942 3451 1006 3544 qui
1027 3451 1197 3520 immensa
1352 3435 1467 3508 Valde
1484 3459 1628 3508 necesse
1644 3452 1696 3510 est
1717 3436 1756 3506 in
1773 3437 1941 3510 omnibus
1957 3431 2127 3510 Ecclesiis
2149 3435 2246 3508 tradi
2323 3499 2324 3528 ἶ

211 3565 453 3638 misericordia
476 3587 538 3654 per
559 3561 672 3630 lilium
695 3553 763 3627 hoc
784 3553 892 3623 modo
911 3567 1091 3644 peccatum
1112 3555 1199 3623 abo-
1251 3539 1356 3610 cerlis
1371 3541 1498 3613 diebut
1512 3533 1792 3636 catechismum,
1817 3554 1859 3612 ut
1873 3539 1975 3632 pueri
1992 3539 2181 3610 assuefiant
2197 3539 2245 3610 ad

210 3673 284 3740 lere
317 3669 417 3749 vult,
448 3678 483 3735 et
509 3663 613 3733 nobis
645 3661 828 3730 restituere
860 3655 968 3724 vitam
1001 3667 1199 3739 aeternam,
1252 3665 1375 3712 verum
1402 3655 1436 3712 ει
1458 3639 1619 3708 nativum
1645 3641 1862 3710 intellectum
1881 3641 2046 3710 omniurn
2068 3641 2245 3712 articulo·
2323 3645 2324 3700 l

211 3771 394 3861 agnitione
410 3780 445 3838 et
459 3767 527 3835 lide
547 3761 671 3846 †lilii”
689 3756 797 3833 huius
812 3755 1029 3826 mediatoris.
1251 3767 1332 3814 rum
1356 3756 1390 3812 et
1413 3741 1567 3834 partium
1588 3741 1769 3812 doctrinae
1782 3737 2017 3818 Christianae.
2068 3739 2127 3815 Ad
2150 3735 2245 3812 hane
2323 3771 2324 3780 ¹

312 3869 453 3942 Deinde
474 3866 633 3960 sequitur
650 3863 813 3934 doctrina
834 3859 878 3930 de
895 3859 999 3930 bonis
1022 3857 1199 3950 operibus,
1252 3843 1545 3916 consuetudinem
1564 3843 1789 3912 sanciendam
1805 3843 1985 3936 prodesset
2000 3843 2090 3914 ritus
2111 3843 2246 3913 contir-
2323 3931 2324 3934 Ἴ

213 3973 321 4065 Quod
349 3995 430 4043 cum
462 3969 531 4040 fide
557 3967 596 4036 in
621 3961 805 4038 Christum
837 3959 1011 4056 accipitur
1040 3959 1199 4030 remissio
1251 3945 1428 4032 metionis,
1444 3967 1525 4016 eum
1538 3941 1703 4014 videlicet
1717 3957 1835 4014 exacta
1849 3943 2002 4035 pueritia
2019 3943 2089 4014 ianr
2104 3943 2244 4014 firmior

210 4089 456 4168 peccatorum,
479 4070 585 4142 simol
607 4067 717 4140 mittit
732 4063 829 4137 Deus
844 4061 1018 4155 Spiritum
1040 4073 1200 4132 sanctum
1252 4061 1347 4118 aetas
1366 4069 1430 4118 seu
1450 4045 1685 4116 adolescentia
1705 4047 1903 4131 accederet,
1923 4045 2041 4138 palam
2063 4045 2104 4114 in
2119 4041 2246 4118 Eccle-

201 4177 254 4246 in
267 4177 374 4246 corda
391 4172 630 4256 credentium,
654 4181 690 4240 et
703 4165 863 4238 accendit
877 4165 916 4233 in
930 4163 980 4232 eis
997 4185 1127 4234 novam
1143 4162 1201 4230 lu·
1252 4150 1304 4218 sia
1325 4147 1500 4218 audienda
1524 4159 1614 4218 esset
1634 4145 1770 4238 integra
1789 4147 1970 4218 doctrinae
1988 4146 2186 4234 confessio,
2211 4159 2247 4220 et

214 4302 310 4364 cem,
341 4289 377 4346 et
395 4275 522 4358 vitam,
554 4272 718 4342 timorem
739 4247 825 4353 Dei,
854 4264 1104 4348 dilectionem,
1134 4263 1201 4331 bo·
1253 4273 1333 4325 cum
1356 4249 1591 4338 interrogatus
1614 4248 1833 4339 promitteret
1854 4249 2089 4321 constantiam
2111 4247 2152 4318 in
2177 4243 2246 4319 hac

214 4404 302 4450 num
316 4375 555 4469 propositum,
573 4373 671 4446 iuxta
688 4371 809 4442 omnia
822 4377 1007 4460 praecepta
1022 4361 1102 4438 Dei.
1152 4360 1202 4434 Et
1253 4351 1329 4442 ipsa
1351 4350 1525 4421 sententia
1551 4349 1695 4420 recitata
1718 4362 1754 4420 et
1776 4348 1815 4418 in
1841 4344 1950 4420 buius
1972 4349 2138 4420 ecclesiae
2159 4373 2244 4422 suaa

215 4504 333 4552 severe
356 4479 502 4546 mandat
523 4474 639 4557 Deus,
666 4485 705 4543 ut
727 4473 766 4540 in
789 4470 894 4542 bonis
913 4464 1080 4560 operibus
1100 4463 1201 4534 vivo·
1253 4453 1485 4535 consessione,
1505 4471 1632 4522 marius
1645 4447 1800 4522 Pastoris
1814 4449 1847 4522 ei
1861 4451 2099 4542 imponendae
2114 4465 2244 4533 essent,

212 4605 314 4667 mus,
339 4591 373 4649 et
384 4580 515 4648 bonam
531 4573 781 4647 conscientiam
798 4567 1010 4653 habeamus,
1032 4593 1073 4638 ac
1088 4569 1200 4637 dona·
1253 4567 1289 4624 et
1309 4551 1451 4646 publica
1473 4553 1675 4642 precatione
1693 4553 1844 4645 peteuda
1859 4552 1988 4623 meritis
2010 4566 2044 4624 et
2065 4553 2186 4624 cordis
2204 4553 2242 4626 in

214 4699 287 4758 tam
318 4679 641 4752 reconciliationem
667 4688 703 4746 et
732 4673 881 4764 gratiam
908 4671 1141 4756 retineamus,
1167 4681 1201 4754 et
1254 4649 1322 4738 hoc
1338 4653 1527 4756 confitente
1541 4653 1763 4726 confirmatio
1776 4665 1813 4726 et
1824 4655 2036 4746 gubernatio
2051 4649 2107 4754 ¹⁴).
2145 4653 2244 4728 Haec

214 4811 289 4858 non
305 4783 538 4854 effundamus.
1252 4837 1460 4859 ..........

215 4927 253 4989 f
277 4975 280 4983 ἱ
312 4883 474 4977 Cumque
497 4901 578 4950 vera
601 4876 764 4995 doctrina
785 4873 953 4946 debonis
973 4871 1139 4992 operibus
1161 4869 1201 4940 in
1289 4938 1336 5008 12)
1353 4955 1391 4992 ar
1410 4935 1541 5010 MP
1599 4937 1642 4992 ὥ
1682 4940 1773 4995 em

215 4992 293 5062 toto
304 4987 392 5061 orbe
404 4997 583 5054 terrarum
598 4975 821 5049 horribiliter
835 4988 1072 5046 contaminata
1089 4988 1123 5044 et
1140 4975 1202 5042 de·
1287 5021 1333 5090 ¹3)
1351 4955 1898 5090 prgsmgmss'pafflmssm

214 5103 358 5184 Pl'lWata
374 5087 437 5174 Βὶῑε
463 5097 497 5155 el
510 5077 624 5154 adhuc
642 5081 681 5149 in
698 5079 819 5151 multis
837 5075 1042 5168 regionibus
1063 5075 1201 5167 impure
1288 5105 1333 5176 14>
1351 5103 1746 5174 enneadecaeteridem]
1765 5106 1872 5163 Prota·
1885 5105 2026 5164 Pereliuia
2040 5105 2242 5191 ,sequidem

1321 5183 1352 5230 ut
1365 5173 1442 5256 pueri
1453 5191 1485 5226 ae
1493 5171 1602 5294 puellae
1617 5171 1705 5244 palam
1720 5173 1748 5228 in
1761 5174 2173 5260 Ecclesia·sonarent·io·tegrapi
2189 5179 2243 5228 do·

1322 5251 1426 5300 etrinae
1439 5260 1490 5298 eon
1505 5259 1650 5296 cratonem.
1685 5240 1782 5298 Postea
1797 5265 1862 5299 raro
1882 5255 2041 5329 interrogati
2053 5245 2155 5318 singuli
2173 5261 2239 5316 pro·

307 5365 312 5377 ,
1321 5311 1461 5366 mitterent
1479 5309 1658 5380 eonstaotiam
1681 5309 1711 5364 in
1729 5311 1780 5370 liae
1799 5312 1856 5384 ipsa
1878 5325 2026 5382 sententia,
2049 5323 2078 5368 et
2098 5311 2240 5370 communi

249 5409 296 5478 ll)
311 5409 389 5477 opud
399 5409 466 5472 aar]
483 5401 658 5462 Burehardtts
668 5399 698 5456 iu
711 5397 852 5473 margine:
869 5415 889 5450 a
901 5395 989 5452 notra
1323 5397 1399 5436 resae
1416 5377 1552 5440 tedisii·
1570 5377 1753 5438 soulenione.
1786 5383 1830 5442 Ae
1847 5393 1907 5442 tom
1927 5403 1943 5440 s
1959 5381 2071 5440 Pastore
2090 5399 2186 5438 insum
2203 5381 2240 5436 eis
