4654 5804
782 221 1214 300 EPISTOLARUM
1278 225 1388 302 121ss.
1423 225 1488 308 IX.
1542 225 1678 304 1⁵4⁵.
2174 235 2243 310 655

304 408 430 484 'tercio
456 403 644 498 Episcopis
672 402 844 495 praecipit
869 398 966 472 Deus
991 413 1033 470 ut
1055 399 1199 469 sintin·
1248 415 1285 472 et
1315 401 1468 473 aliorum
1500 406 1721 476 sacerdotum
1749 419 1922 500 testantur
1946 429 2050 497 vagas
2080 406 2243 478 libidines

135 525 138 530 ’
206 531 383 616 spectares
404 509 587 584 doctrinae
611 508 651 576 in
672 501 1046 588 omnibusEcclesiis,
1070 502 1200 596 quibus
1249 529 1325 574 non
1347 505 1489 597 punitas
1515 529 1600 580 esse.
1652 504 1706 578 Ac
1727 511 1771 578 de
1795 509 2245 582 indiciisetexcommuni-

164 647 169 658 ’
205 631 396 720 praesunt,
436 627 472 694 et
491 623 618 682 curent
640 622 680 678 ut
702 622 860 701 pastores
890 607 1077 676 inferiores
1107 617 1200 674 recte
1250 607 1388 678 catione
1400 633 1483 678 mox
1498 609 1673 702 prolixius
1690 611 1859 685 dicemus.

206 731 377 805 doceant,
409 717 500 786 sicut
523 709 687 783 Christus
710 710 815 782 Petro
841 709 1028 802 praecipit:
1080 703 1135 776 Et
1161 714 1207 778 tu,
1352 708 1512 799 Quinto,
1538 713 1760 804 saepeetiam
1776 739 1915 786 necesse
1939 728 1990 784 est
2004 713 2172 810 Synodos
2186 739 2245 788 au·

206 844 397 902 conversus
423 811 600 912 confirma
619 812 768 913 srdtres
793 822 886 885 tuos.
938 809 997 883 Ad
1018 808 1201 881 hancrem
1250 813 1391 884 toritate
1415 815 1535 908 aliqua
1559 816 1599 884 in
1622 839 1693 886 una
1717 817 1868 888 dioecesi
1894 832 1954 888 aut
1981 819 2147 909 pluribus
2162 843 2246 890 con·

207 933 295 1005 olim
326 923 548 995 visitationes
576 919 729 1000 fiebant,
762 917 893 1010 quibus
923 929 957 984 et
980 938 1076 983 nunc
1098 913 1202 980 valde
1250 916 1381 986 vocari.
1420 915 1493 986 Nec
1515 919 1638 1007 exigua
1654 919 1825 1010 sapientia
1843 935 1894 990 est
1915 921 2118 1013 prospicere
2134 947 2246 1016 quan-

208 1057 298 1127 opus
314 1040 413 1099 esset.
465 1021 588 1116 ltaque
611 1021 649 1089 in
670 1020 827 1110 collegiis
842 1017 1106 1088 Canonicorum
1129 1037 1202 1116 esse
1251 1020 1297 1090 do
1313 1018 1427 1110 prosit
1444 1043 1639 1090 convocare
1665 1035 1800 1108 coetus,
1827 1037 1862 1092 et
1876 1025 2055 1116 quomodo
2072 1037 2173 1094 tanta
2192 1025 2246 1094 iu-

208 1137 348 1230 aliquos
375 1125 544 1198 honestos
573 1137 607 1196 et
631 1125 752 1192 doctos
777 1119 977 1192 Canonicos
1006 1118 1201 1210 oportebat,
1251 1122 1437 1212 geniorum
1481 1136 1515 1192 et
1549 1125 1773 1194 voluntatum
1814 1127 1963 1196 varietas
2004 1127 2247 1214 gubernanda,

208 1239 271 1336 qui
297 1234 401 1305 certis
419 1227 640 1322 temporibus
664 1249 727 1316 per
752 1238 862 1296 totam
887 1223 1066 1292 dioecesin
1079 1218 1203 1290 Eccle-
1250 1223 1537 1318 J[moderanda'
1572 1240 1606 1297 et
1640 1229 1685 1294 ad
1720 1229 1945 1297 concordiam
1981 1229 2157 1300 flectenda
2191 1231 2246 1304 sit.

208 1345 276 1415 sias
292 1337 449 1418 adirent,
473 1345 507 1402 et
530 1342 687 1422 pastores
709 1327 922 1396 indoctiores
937 1325 1102 1395 audirent
1116 1346 1203 1391 con·
1250 1325 1331 1396 Non
1356 1327 1452 1394 enim
1476 1330 1621 1420 prodest
1644 1328 1777 1398 multos
1803 1331 1982 1422 superbis,
2015 1332 2246 1416 turbulentis,

197 235 274 318 aad

208 1447 410 1522 cionantes,
443 1436 543 1506 etde
568 1425 687 1524 aliqua
711 1430 893 1500 doctrinae
913 1441 1010 1519 parte
1033 1429 1203 1495 admone-

208 1559 301 1620 rent.
352 1538 493 1610 Horum
509 1535 665 1629 officium
687 1534 731 1602 sit
748 1533 852 1602 etiam
871 1531 1008 1624 aliquos
1022 1528 1146 1598 audire
1164 1526 1202 1594 in

208 1646 362 1745 populo,
387 1639 538 1733 utquid
562 1635 737 1724 intelligat
760 1649 794 1704 et
817 1633 929 1702 discat
949 1633 1101 1722 populus
1124 1629 1202 1698 ani·-

206 1745 384 1824 madverti
398 1743 519 1836 possit.
569 1737 767 1830 Explorent
787 1737 892 1806 etiam
908 1736 1039 1804 famam
1059 1735 1102 1802 de
1124 1757 1203 1800 mo-

207 1855 309 1928 ribus
322 1861 506 1946 pastorum
522 1857 557 1914 et
571 1841 787 1912 auditorum.
821 1837 912 1908 Nam
928 1833 1014 1906 haec
1029 1837 1101 1906 cluo
1119 1859 1203 1925 ope-

208 1965 249 2030 ra
264 1965 347 2026 sunt
360 1948 567 2044 praecipua,
594 1957 628 2014 et
648 1967 730 2012 vere
747 1942 868 2010 divina
892 1963 999 2031 opera
1022 1939 1098 2006 eius
1120 1939 1203 2006 fun-

209 2057 355 2135 ctionis,
384 2074 473 2144 quae
490 2051 584 2120 inter
602 2045 764 2116 omnium
781 2056 1022 2114 creaturarum
1048 2041 1204 2110 functio-

209 2185 273 2234 nes
296 2178 433 2229 summa
453 2165 487 2222 et
507 2149 658 2220 maxima
680 2161 750 2232 est,
782 2147 935 2216 retinere
960 2145 1076 2213 lucem
1100 2165 1204 2212 verae

209 2261 393 2337 doctrinae
416 2257 459 2325 de
482 2251 578 2337 Deo,
604 2265 637 2322 et
658 2253 773 2322 bonos
789 2271 924 2332 mores,
950 2270 1101 2341 quarum
1117 2246 1206 2314 dua-

210 2391 291 2439 rum
314 2382 434 2432 rerum
457 2355 692 2444 maximarum
714 2353 929 2423 tuendarum
954 2373 1039 2419 cura
1057 2345 1206 2439 Episco-

208 2472 265 2564 pis
279 2462 468 2560 praecipue
483 2459 649 2528 mandata
663 2468 734 2540 est,
755 2470 830 2524 n‘on
846 2475 1048 2523 consecrare
1065 2473 1207 2540 campa-

209 2596 274 2644 nas
290 2579 325 2639 et
340 2564 501 2660 parietes.

311 2667 392 2741 Etsi
408 2678 526 2736 autem
544 2657 715 2753 Episcopi
731 2682 828 2729 nunc
850 2668 1032 2749 utcunque
1052 2654 1208 2726 retinent

211 2770 449 2848 ceremoniam
477 2763 730 2846 ordinationis,
761 2774 880 2832 tamen
902 2759 1131 2828 manifestum
1157 2771 1208 2830 cst

212 2873 491 2971 explorationem
513 2866 695 2938 doctrinae
717 2877 750 2934 et
773 2887 930 2946 morum,
953 2875 986 2930 et
1011 2860 1206 2930 institutio-

211 3005 295 3052 nem
310 2973 572 3068 imperitiorum
596 2969 723 3040 omitti.
776 2963 861 3034 Ideo
885 2965 1012 3056 plenus
1036 2977 1087 3032 est
1109 2963 1207 3032 orbis

211 3099 388 3156 terrarum
426 3074 599 3158 indoctis,
632 3071 791 3152 levibus,
824 3091 944 3158 rmpus
985 3065 1205 3135 sacreficulis:

211 3183 261 3258 Et
277 3180 370 3255 hanc
384 3177 568 3267 religionis
584 3172 869 3267 profanationem
886 3169 983 3240 Deus
1007 3167 1110 3258 punit
1130 3193 1208 3236 ma·-

212 3289 291 3380 gnis
312 3281 466 3378 publicis
481 3277 758 3358 calamitatibus,
781 3273 905 3356 bellis,
927 3270 1207 3354 confusionibus,

212 3405 248 3462 et
263 3386 378 3466 ruinis
394 3405 598 3470 regnorum.
656 3375 888 3446 Manifestum
912 3387 946 3442 et
969 3368 1036 3441 hoc
1060 3386 1207 3441 estnon

212 3493 291 3564 fieri
313 3486 535 3559 visitationes
553 3478 811 3560 Ecclesiarum,
837 3488 1085 3566 praeterquam
1111 3477 1206 3566 quod

211 3617 335 3668 recens
361 3587 475 3682 aliqui
497 3582 686 3676 Episcopi,
712 3595 752 3651 ut
778 3603 897 3647 veram
926 3577 1125 3646 doctrinam
1144 3603 1208 3668 op-

211 3699 426 3792 primerent,
451 3690 497 3759 ad
514 3687 633 3780 aliqua
652 3686 728 3753 loca
746 3705 889 3752 suarum
913 3680 1127 3749 dioecesium
1151 3705 1210 3750 ac-

212 3809 403 3873 cesserunt.
1008 3843 1011 3851 .

315 3897 471 3988 Quarto,
495 3889 593 3963 Deus
614 3887 785 3982 praecipit
806 3886 960 3956 exerceri
983 3883 1115 3955 iudicia
1139 3881 1210 3953 Ec-

214 4001 426 4083 clesiastica,
459 4009 500 4066 ut
524 3987 735 4066 Matth.18.
758 3991 927 4080 scriptum
945 4004 1013 4072 est,
1028 3983 1075 4057 ‘et
1104 3985 1209 4058 1Τί-

214 4100 327 4177 moth.
343 4099 379 4174 5.
406 4097 572 4169 videlicet
594 4101 696 4186 utex
723 4089 881 4161 Ecclesia
909 4091 1113 4170 eiiciantur,
1148 4089 1210 4180 qui

213 4210 302 4282 falsa
323 4206 470 4285 docent,
495 4211 531 4268 et
553 4197 606 4266 rei
627 4209 710 4266 sunt
723 4194 990 4264 manifestorum
1007 4192 1210 4271 criminum,

215 4311 278 4406 qui
291 4327 408 4376 mores
422 4325 496 4370 non
513 4301 722 4377 emendant,
748 4310 783 4365 et
806 4309 846 4366 ut
868 4295 928 4364 lux
950 4319 1053 4364 verae
1077 4292 1210 4362 doctri-

215 4437 282 4484 nae
310 4422 344 4478 et
365 4405 452 4476 boni
476 4425 593 4472 mores
620 4401 854 4470 retineantur.
914 4395 1011 4466 llaec
1035 4395 1166 4465 iudicia
1190 4421 1208 4462 a

215 4513 293 4586 Deo
309 4507 465 4603 praecipi
485 4504 711 4574 manifestum
728 4516 797 4586 est,
824 4515 858 4570 et
874 4500 981 4569 fuisse
999 4499 1037 4566 in
1051 4494 1210 4567 Ecclesia

216 4637 353 4706 semper
369 4611 414 4680 ab
429 4607 534 4678 initio
549 4605 687 4690 mundi,
703 4599 798 4672 nihil
813 4601 964 4674 dubium
982 4615 1044 4682 est,
1060 4624 1150 4693 quae
1168 4623 1209 4667 co

136 4775 137 4780 ,
216 4719 360 4816 quidem
370 4709 577 4801 diligentius
590 4709 780 4782 exercenda
797 4719 911 4790 erant,
927 4704 1010 4798 quia
1020 4702 1209 4792 Magistra-

216 4837 274 4896 tus
290 4814 433 4913 profani
455 4836 530 4882 non
548 4824 674 4881 curant
687 4807 898 4880 doctrinam.
946 4803 1086 4875 Deinde
1102 4805 1141 4874 in
1154 4803 1210 4874 di-

217 4923 367 5017 sciplina
390 4915 608 5006 negligentes
629 4925 731 4994 sunt,
762 4933 837 4979 non
870 4908 1026 5001 puniunt
1048 4909 1210 4998 vulgares

216 5023 465 5104 scortationes,
496 5030 559 5088 aut
581 5014 771 5084 adulteria:
819 5009 1049 5104 Deploranda
1071 5024 1124 5080 est
1146 5035 1211 5078 au-

216 5145 287 5202 tem
308 5141 342 5197 et
365 5120 452 5195 haec
481 5117 661 5190 calamitas
685 5115 882 5196 Ecclesiae,
924 5116 1020 5207 quod
1045 5108 1130 5182 haee
1153 5113 1211 5181 iu.

217 5231 309 5303 dicia
333 5248 478 5320 prorsus
500 5223 545 5292 ab
561 5217 745 5312 Episcopis
768 5215 998 5306 negliguntur
1021 5229 1054 5286 ct
1070 5239 1210 5284 excom-

217 5330 411 5404 municatio
425 5327 471 5396 ad
487 5345 624 5396 caussas
639 5319 799 5415 proprias
818 5319 886 5390 fori
905 5318 1045 5409 profani
1063 5317 1210 5404 indigne

218 5451 251 5506 et
267 5435 375 5526 impie
391 5428 561 5500 translata
583 5440 645 5500 est.
697 5421 818 5494 Mores
834 5421 929 5490 enim
945 5416 1211 5526 Canonicorum

1250 1429 1487 1513 veteratoriis,
1504 1431 1660 1502 factiosis
1677 1431 1831 1520 ingeniis
1845 1434 2024 1524 praeditos
2040 1458 2143 1526 saepe
2163 1459 2247 1504 con-

1250 1554 1388 1606 vocare.
1444 1528 1493 1604 Et
1520 1547 1639 1604 tamen
1663 1533 1842 1604 interdum
1875 1535 2019 1604 dissidia
2053 1537 2247 1621 doctrinae,

1250 1647 1312 1704 aut
1326 1634 1481 1702 aliorum
1500 1637 1742 1706 communium
1758 1638 1967 1707 morborum
1983 1639 2248 1708 emendationes

1250 1737 1433 1829 postulant
1449 1739 1582 1807 multos
1606 1738 1814 1823 convocari,
1848 1753 1883 1809 et
1910 1739 2029 1833 aliqua
2065 1741 2249 1811 communi
2317 1803 2318 1824 ,

1252 1839 1657 1934 deliberationc=quaeri
1680 1841 1854 1924 remedia,
1882 1842 1974 1912 sicut
1990 1839 2159 1935 Apostoli
2182 1842 2248 1938 sy·
2317 1837 2318 1848 ¹

1252 1944 1367 2013 nodos
1375 1941 1553 2012 salutares
1569 1937 1782 2016 habuerunt.

1354 2042 1480 2126 Sexto,
1506 2069 1586 2114 cum
1607 2043 1776 2136 Episcopi
1797 2046 1950 2114 debeant
1974 2069 2047 2116 esse
2070 2047 2249 2139 inspecto-

1252 2170 1308 2217 res
1326 2147 1526 2232 doctrinae,
1541 2148 1636 2218 inter
1648 2147 1856 2239 praecipuas
1873 2172 1993 2234 curas,
2016 2163 2050 2218 et
2062 2144 2159 2220 hanc
2177 2173 2248 2219 esse

1254 2251 1429 2342 oportuit,
1461 2249 1628 2341 perficere
1654 2263 1695 2320 ut
1717 2245 1858 2319 scholae
1881 2251 2080 2342 superiores
2102 2266 2138 2322 et
2159 2251 2249 2321 infe-

1254 2354 1366 2422 riores
1381 2365 1473 2422 recte
1488 2365 1666 2442 regantur.
1707 2351 1799 2422 Nam
1815 2347 2028 2422 Academiae
2043 2369 2129 2426 sunt
2144 2375 2250 2440 nune,

1254 2469 1295 2526 ut
1324 2454 1412 2523 olim
1441 2454 1555 2545 prima
1577 2455 1724 2544 collegia
1748 2453 2032 2540 Canonicorum,
2064 2457 2249 2526 doctrinae

1255 2557 1436 2642 custodes,
1461 2569 1565 2626 testes
1583 2569 1618 2626 et
1633 2556 1910 2648 propagatrices,
1944 2581 2032 2652 quas
2052 2559 2250 2648 intelligere

1256 2660 1455 2730 doctrinam
1485 2655 1666 2730 Ecclesiae
1689 2660 1877 2749 integram,
1910 2675 1943 2730 et
1964 2653 2074 2730 'nosse
2103 2662 2249 2730 univer-

1255 2787 1330 2832 sam
1353 2761 1619 2854 antiquitatem,
1645 2762 1837 2832 certamina
1863 2775 1897 2832 et
1919 2763 2052 2832 iudicia
2070 2759 2250 2834 Ecclesiae

1255 2877 1413 2956 oportet,
1454 2877 1489 2934 et
1512 2864 1600 2933 scire
1627 2865 1723 2933 unde
1746 2865 1946 2934 doctrinam
1967 2866 2185 2956 acceperint,
2218 2879 2248 2936 et

1256 2965 1455 3038 testimonia
1471 2989 1574 3035 verae
1598 2967 1791 3036 sententiae
1806 2968 1851 3036 ad
1871 2968 2111 3058 posteritatem
2135 2981 2248 3037 trans-

1255 3069 1412 3152 mittere,
1444 3067 1537 3152 sicut
1558 3065 1723 3138 Irenaeus
1747 3069 1874 3157 allegat
1901 3069 2103 3139 testimonia
2125 3066 2249 3140 Eccle-

1255 3171 1387 3240 siarum
1415 3167 1634 3240 Graecarum
1659 3185 1692 3240 et
1713 3169 1932 3244 Latinarum.
1985 3169 2038 3242 Ac
2061 3173 2167 3240 valde
2188 3197 2248 3264 po-

1255 3273 1364 3343 stulat
1386 3273 1530 3364 publica
1553 3271 1761 3357 necessitas,
1788 3287 1828 3343 ut
1851 3298 1974 3342 ornnes
1996 3276 2248 3362 gubernatores
2316 3323 2317 3330 ε

1254 3373 1493 3444 Ecclesiastici
1524 3389 1557 3444 et
1587 3375 1741 3467 politici,
1773 3377 1906 3444 maiore
1929 3377 2113 3466 diligentia
2144 3392 2178 3448 et
2197 3401 2248 3446 se-

1256 3477 1422 3560 dulitate,
1448 3476 1597 3546 excitent
1622 3491 1657 3548 et
1680 3478 1823 3548 foveant
1848 3479 1963 3546 studia
1989 3480 2193 3562 literarum,
2218 3493 2248 3548 et
2316 3483 2317 3578 l

1257 3579 1481 3670 disciplinam
1515 3580 1554 3647 in
1583 3574 1715 3650 scholis
1744 3581 1899 3648 severius
1927 3583 2134 3672 astringant.
2187 3579 2248 3650 Ni·

1258 3683 1328 3750 mia
1342 3677 1393 3774 ⁴⁴)
1425 3694 1477 3751 est
1509 3683 1603 3750 enim
1634 3677 1764 3751 horum
1788 3695 1985 3772 temporum
2012 3685 2177 3768 libertas,
2214 3683 2249 3750 iu

1259 3809 1328 3878 qua
1354 3784 1458 3854 multi
1480 3784 1692 3868 efferantur,
1718 3797 1754 3854 et
1777 3785 1961 3874 negligunt
1981 3786 2146 3855 exercitia
2170 3785 2250 3854 reli·
2316 3769 2317 3824 l

1258 3887 1392 3977 gionis,
1417 3887 1636 3978 precationes
1658 3899 1691 3954 et
1713 3886 1881 3956 lectiones
1904 3910 2028 3956 sacras.
2079 3885 2186 3958 Hanc
2205 3889 2251 3956 fe-

1259 3991 1398 4060 ritatem
1421 3989 1451 4056 si
1474 3989 1588 4059 adulti
1612 3991 1654 4058 ad
1675 3985 1852 4080 Rempub.
1866 3989 2045 4074 adferent,
2071 4004 2181 4060 erunt
2195 4013 2250 4080 pe-

1259 4107 1327 4164 stes
1349 4091 1487 4182 generis
1509 4085 1676 4176 humani,
1706 4093 1790 4183 quia
1814 4091 1891 4160 sine
1918 4116 2000 4160 vera
2026 4093 2250 4164 invocatione

1257 4192 1326 4264 Dei
1347 4195 1493 4280 vivunt,
1518 4195 1703 4284 negligunt
1723 4190 1915 4278 Ecclesiae,
1940 4194 2030 4264 liunt
2052 4190 2254 4286 Epicuraei,

1258 4310 1299 4366 ut
1314 4321 1409 4366 nunc
1426 4297 1578 4388 passim,
1601 4289 1693 4388 proh
1716 4295 1836 4375 dolor,
1860 4297 1947 4368 tales
1961 4295 2136 4394 Cyclopes
2153 4297 2253 4368 multi

1259 4399 1397 4470 suntin
1415 4398 1506 4466 aulis
1524 4411 1559 4468 et
1575 4397 1788 4470 civitatibus.
2001 4483 2014 4502 Ι

1359 4498 1562 4572 Revocetur
1584 4524 1665 4592 ergo
1691 4501 1927 4578 adolescentia
1960 4501 2004 4569 ad
2035 4503 2255 4586 modestiam,

1258 4603 1420 4672 assuefiat
1434 4603 1602 4694 exemplis
1618 4618 1652 4675 et
1668 4598 1826 4673 honestis
1841 4603 2014 4673 exercitiis
2028 4605 2072 4672 ad
2101 4605 2254 4692 agnitio-

1259 4729 1341 4774 nem
1366 4719 1401 4774 et
1422 4705 1587 4774 timorem
1603 4704 1692 4788 Dei,
1717 4718 1753 4774 et
1775 4731 1890 4775 merae
1912 4706 2083 4775 salutares
2103 4707 2253 4778 circum-

1258 4809 1390 4878 dentur
1419 4806 1586 4882 libertati.
1643 4805 1778 4877 Vernm
1807 4809 1851 4878 ad
1884 4804 1970 4878 haec
1995 4805 2253 4900 Episcoporum

1258 4933 1366 5001 opera
1382 4910 1503 4979 omnia
1526 4932 1616 5000 opus
1638 4922 1690 4978 est
1711 4910 1750 4977 in
1768 4911 1926 5000 qualibet
1939 4909 2093 4980 dioecesi
2120 4911 2253 5004 aliquot

1258 5007 1417 5082 honestis
1440 5024 1474 5082 et
1493 5010 1606 5082 doctis
1622 5011 1710 5081 viris
1731 5024 1764 5080 et
1781 5008 1897 5082 Deum
1912 5013 2145 5097 timentibus,
2172 5037 2253 5106 qua-

1258 5115 1309 5184 les
1338 5109 1464 5194 haberi
1483 5129 1647 5206 possent,
1680 5115 1710 5183 si
1736 5115 1914 5184 accederet
1942 5109 2029 5184 haec
2060 5115 2253 5204 diligentia,

1293 5441 1339 5502 44)
1356 5444 1466 5512 Manto]
1487 5443 1551 5498 Per.
1571 5442 1654 5494 Nota.

1152 5738 1257 5782 A
