4722 5808
113 265 188 344 825

123 439 193 514 No.
211 435 323 512 3242.
423 403 431 409 .

117 535 331 576 m

960 439 995 509 4.
1010 437 1095 522 Aug.

936 529 1109 558 Μ

451 605 780 692 Testimonium.

180 747 292 802 Editum
306 767 320 804 a
335 745 444 802 Perelio
460 748 488 804 iu
501 748 570 804 Met.
586 747 691 831 Congil.
704 747 750 806 lat.
763 746 797 801 P.
810 747 831 802 l.
843 765 871 818 p.
885 747 948 803 651.
967 747 1107 800 etiterum

213 817 244 870 in
263 816 383 872 Schlitsii
405 815 525 889 epistolis
543 817 653 874 Lutlserr
667 817 804 889 ipsas.
821 845 857 858 ·-
893 814 1109 872 Alllelsntlsone
1163 840 1173 858 ·

215 887 401 958 compositum
420 895 478 954 est,
496 888 544 940 sed
562 886 784 958 subscripserunt
797 885 877 940 etiam
892 883 1042 954 Lutlserus,
1061 883 1108 938 lo·

217 973 264 1008 nas
281 966 307 1010 et
322 953 514 1026 Pieffingerus.

111 1108 383 1184 Testimonium
407 1105 659 1184 ordinationis
680 1103 936 1186 Reverendiss.
959 1117 991 1180 et
1006 1107 1108 1182 Illu-

110 1213 233 1288 striss.
242 1207 617 1311 PrincipisGeorgi
623 1212 639 1282 i
651 1207 855 1284 Aetates·
861 1210 910 1282 ni
923 1212 1109 1310 seriptum,

111 1341 216 1388 onno
235 1311 344 1390 1645.
365 1341 389 1384 o
405 1309 549 1411 Philip.
565 1309 761 1390 Melanth.
782 1313 928 1386 nomine
945 1314 1107 1387 omnium

215 1414 256 1487 in
272 1413 453 1487 Ecclesiis
469 1414 598 1486 vicinis
611 1412 1008 1516 Superintendentium.

111 1531 265 1622 Gratias
289 1551 426 1640 agimus
442 1547 540 1632 Deo,
565 1564 708 1620 aeterno
733 1552 844 1643 patri,
869 1549 1017 1622 Domini
1041 1575 1109 1621 no-

112 1653 177 1726 stri
202 1651 281 1722 lesu
300 1648 453 1735 Christi,
478 1654 574 1744 quod
598 1653 769 1722 immensa
792 1654 969 1739 bonitate,
996 1667 1031 1724 et
1050 1659 1108 1722 in-

112 1755 230 1827 stituit
253 1754 339 1823 inde
360 1777 471 1845 usque
494 1778 514 1822 a
535 1754 740 1824 conditione
758 1769 792 1824 et
808 1756 1031 1826 restitutione
1047 1777 1108 1844 ge-

114 1856 212 1928 neris
226 1851 395 1940 humani,
421 1868 456 1924 et
470 1868 586 1925 servat
600 1856 767 1925 omnibus
782 1857 908 1926 seculis
927 1880 1039 1949 usque
1062 1857 1104 1925 ad

112 1958 408 2030 resurrectionem
425 1970 667 2042 mortuorum,
690 1958 928 2028 ministerium
943 1954 1107 2046 Evange-

113 2060 174 2144 lii,
195 2073 230 2128 et
256 2059 384 2128 excitat
405 2058 558 2128 subinde
583 2059 731 2129 idoneos
750 2057 920 2130 Doctores
943 2083 983 2128 ac
1004 2083 1106 2128 man-

113 2165 196 2232 data
215 2162 314 2230 dedit
330 2157 508 2229 Ecclesiae
531 2181 633 2244 suae,
659 2173 700 2229 ut
714 2174 814 2230 vocet
836 2162 984 2231 idoneos
999 2161 1106 2229 mini-

112 2277 224 2347 stros,
256 2275 291 2332 et
313 2260 490 2353 promittit
510 2283 547 2328 se
569 2285 632 2352 per
655 2285 776 2330 eorum
794 2287 917 2332 vocem
941 2265 1105 2332 daturum

112 2363 356 2435 remissionem
381 2375 622 2451 peccatorum,
649 2360 823 2454 Spiritum
849 2377 1030 2444 sanctum,
1051 2364 1106 2432 vi-

112 2481 206 2550 tam,
230 2479 266 2534 et
292 2464 461 2534 iustitiam
486 2476 684 2548 aeternam,
716 2478 750 2533 et
770 2489 912 2535 oramus
937 2491 1036 2550 essm,
1066 2478 1107 2534 ut

112 2569 228 2638 lucem
242 2563 430 2654 Evangelii
453 2563 508 2631 sui
531 2588 605 2632 non
620 2563 713 2634 sinat
727 2567 901 2655 extingui,
927 2569 985 2635 sed
1008 2590 1106 2636 nunc

112 2692 255 2763 quoque
278 2667 403 2736 excitet
425 2688 535 2757 purae
558 2677 592 2733 et
613 2665 775 2734 salutaris
790 2669 970 2738 doctrinae
984 2663 1106 2736 Evan-

111 2771 196 2860 gelii
213 2781 493 2860 propugnatores
516 2779 550 2836 et
570 2766 690 2834 fideles
705 2771 886 2850 custodes,
913 2784 947 2839 et
965 2769 1106 2858 colligat

112 2871 182 2942 sibi
207 2871 310 2942 etiam
336 2893 432 2937 nunc
461 2867 500 2934 in
532 2861 589 2935 his
612 2868 817 2957 regionibus
838 2865 1052 2955 Ecclesiam,
1086 2893 1105 2939 a

112 2997 182 3066 qua
207 2971 366 3040 inomni
388 2968 595 3038 aeternitate
619 2970 826 3043 celebretur.
875 2969 966 3041 Cum
988 2985 1105 3040 autem

111 3077 156 3145 ad
173 3069 242 3142 hoc
259 3071 497 3141 ministerium
507 3067 693 3159 Evangelii
704 3069 951 3145 Reverendiss.
965 3085 1000 3141 et
1016 3071 1106 3140 lllu-

110 3176 220 3248 striss.
251 3171 420 3262 Princeps
442 3169 619 3240 Dominus
645 3168 841 3262 Georgius,
873 3173 1043 3263 Princeps
1067 3173 1105 3241 in

111 3273 268 3360 Anhalt,
292 3272 420 3346 Comes
445 3267 636 3358 Ascaniae‚
671 3285 705 3341 et
727 3271 905 3344 Dominus
929 3276 968 3343 in
991 3273 1106 3344 Bern-

111 3381 205 3467 burg
229 3391 293 3447 etc.
323 3373 543 3467 praepositus
572 3371 752 3444 Ecclesiae
776 3375 1105 3466 Magdeburgensis,

110 3481 180 3550 rite
201 3503 241 3548 ac
263 3478 320 3569 pie
341 3489 485 3546 vocatus
509 3474 630 3544 fuisset
652 3477 932 3546 adiunctionem
948 3477 1106 3547 muneris

109 3577 351 3651 Ecclesiastici
370 3577 607 3646 adiuvandam
629 3576 668 3644 in
690 3573 906 3671 Episcopatu
920 3578 1106 3670 Merspur-

110 3681 232 3773 gensi,
257 3679 415 3749 accersiti
432 3689 516 3746 sunt
530 3678 641 3746 veteri
656 3681 850 3769 primarum
865 3679 1105 3750 Ecclesiarum

109 3807 229 3867 more,
254 3782 322 3850 viri
346 3779 441 3850 docti
469 3791 664 3867 etgraves,
691 3781 753 3872 qui
773 3781 908 3850 vicinas
929 3778 1105 3850 Ecclesias

110 3887 330 3976 gubernant,
354 3905 506 3974 quorum
522 3879 754 3950 omnia'infra
774 3884 924 3976 ascripta
941 3899 1040 3968 sunt,
1065 3896 1106 3953 ut

111 3987 151 4056 in
169 3988 243 4078 ipsa
259 3983 417 4054 Ecclesia
434 3981 701 4074 Merspurgensi
714 3985 759 4056 ad
775 3978 866 4054 hanc
884 3985 1103 4054 vocatiouem

110 4089 302 4158 adderetur
347 4084 532 4178 publicum
572 4083 817 4155 testimonium
857 4085 1103 4161 ordinationis.

109 4189 186 4260 Nos
206 4189 315 4278 igitur
329 4185 532 4268 convocati,
559 4186 641 4276 quia
656 4199 750 4256 certo
766 4187 981 4272 sciebamus,
1007 4183 1103 4257 hunc

109 4289 292 4362 lllustriss.
321 4286 524 4376 Principem
550 4282 745 4372 Georgium
773 4302 866 4359 recte
893 4289 1102 4379 intelligere,

110 4407 146 4463 et
179 4401 381 4461 constanter
413 4385 578 4476 amplecti
605 4411 731 4479 puram
754 4383 942 4480 Evangelii
966 4389 1103 4459 doctri-

109 4517 213 4578 nam,
239 4513 346 4586 quam
369 4485 548 4559 Ecclesiae
571 4481 698 4560 harum
715 4489 900 4579 regionum
916 4515 987 4560 una
1004 4514 1100 4572 voce,

110 4608 146 4666 et
158 4619 233 4664 uno
247 4591 374 4683 spiritu
389 4615 469 4662 cum
492 4583 663 4660 catholica
678 4587 835 4662 Ecclesia
848 4589 917 4662 Dei
932 4591 1102 4683 proliten-

109 4709 192 4780 tur,
218 4709 253 4766 et
269 4692 433 4764 eximiam
448 4691 524 4760 eius
544 4713 617 4762 esse
631 4693 797 4763 virtutem
813 4707 847 4764 et
862 4693 1100 4764 sanctitatem:

109 4795 374 4867 Testimonium
389 4807 550 4864 nostrum
566 4795 610 4862 de
627 4817 685 4877 eo,
708 4793 781 4864 ritu
797 4789 1014 4886 Apostolico,
1033 4794 1101 4862 im-

110 4898 288 4990 positione
306 4919 498 4978 manuum,
511 4895 779 4968 declaravimus.
829 4893 991 4990 Cumque
1006 4893 1101 4965 Pau-

109 5001 167 5070 lus
181 4999 267 5070 Tito
288 4996 522 5090 praeceperit,
552 5009 594 5066 ut
613 4997 833 5089 presbyteros
856 4999 902 5067 ad
924 4997 1100 5068 docendas

110 5116 145 5173 et
160 5101 408 5192 gubernandas
416 5095 591 5168 Ecclesias
607 5097 734 5187 passim
748 5098 993 5182 constitueret,
1014 5097 1101 5166 sciat

692 255 1134 339 EPISTULARUM
1184 255 1292 336 [ΑΒ.
1318 255 1385 337 IX.
1424 254 1570 336 sota

2073 245 2153 368 ⁰²³

1159 453 1216 504 res
1230 431 1412 524 inspiciat,
1433 443 1470 501 et
1483 427 1687 499 meminerit
1708 427 1778 498 sibi
1793 449 1935 522 quoque
1949 419 2107 518 praecipi
2129 443 2151 490 a

1137 535 1233 604 tilio
1248 532 1335 604 Dei:
1367 529 1422 602 Et
1446 539 1485 600 tu
1507 553 1696 602 conversus
1712 523 1887 622 confirma
1895 525 2041 628 srotres
2056 531 2150 596 tuos.

1159 633 1300 707 Etcum
1316 635 1410 705 lilius
1424 631 1493 705 Dei
1507 635 1627 703 sedeat
1642 633 1687 702 ad
1702 633 1861 702 dextram
1877 622 2151 720 aeterni‘patris,

1160 749 1203 808 ut
1222 739 1269 808 sit
1293 737 1415 807 efficax
1433 759 1497 828 per
1511 730 1579 806 hoc
1595 734 1851 814 ministerium,
1877 753 2086 825 precamur,
2108 741 2151 800 ut

1161 865 1201 909 ιη
1225 851 1297 910 tota
1320 837 1576 929 gubernatione
1596 850 1711 927 regat,
1744 849 1780 906 et
1800 835 1945 905 adiuvet·
1965 826 2061 902 hunc
2089 851 2151 899 or-

1161 941 1343 1026 dinatum,
1382 940 1471 1010 sicut
1492 939 1656 1032 promisit
1683 937 1867 1032 inquiens:
1911 929 1959 1004 Si
1980 929 2064 1030 quis
2091 924 2152 999 di-

1162 1038 1248 1136 iigit
1263 1065 1334 1127 me,
1356 1064 1539 1111 sermones
1558 1037 1656 1109 meos'
1675 1035 1854 1123 servabit,
1879 1043 1911 1105 et
1932 1041 2151 1132 potermeus

1162 1139 1292 1238 diliget
1322 1166 1429 1226 eum,
1458 1150 1490 1210 et
1517 1140 1697 1211 veniemus
1722 1135 1779 1211 od
1802 1163 1898 1220 eum,
1933 1145 1964 1205 et
1985 1130 2152 1204 mansio·

1161 1267 1242 1315 nem
1273 1239 1379 1342 opud
1404 1265 1483 1314 eum
1500 1241 1699 1342 sociemus.
1765 1237 1814 1312 Et
1838 1255 1878 1312 ut
1910 1235 1977 1308 hac
2001 1261 2039 1307 se
2064 1260 2153 1307 eon·-

1162 1347 1337 1418 solatione
1378 1358 1548 1417 sustentet
1585 1347 1770 1415 ordinatus
1813 1343 1906 1434 ipse,
1955 1334 2152 1413 hortamur.

1160 1446 1239 1520 Etsi
1262 1449 1357 1520 enim
1380 1447 1493 1518 multa
1513 1459 1547 1517 et
1575 1469 1702 1536 magna
1725 1457 1809 1515 sunt
1832 1445 1871 1513 in
1894 1441 2152 1534 gubernatione

1161 1553 1337 1644 pericula,
1364 1573 1430 1620 nec
1449 1549 1523 1620 ulla
1544 1563 1597 1620 est
1619 1547 1792 1640 sapientia
1812 1541 1968 1616 humana
1988 1565 2053 1634 par
2072 1555 2153 1613 tan-

1161 1666 1197 1723 to
1225 1653 1345 1737 oneri,
1388 1666 1507 1723 tamen
1540 1650 1628 1721 sciat
1667 1645 1784 1719 Deum
1815 1669 1897 1716 vere
1929 1645 2067 1730 adesse,
2118 1653 2153 1712 et

1161 1755 1199 1824 in
1229 1753 1387 1824 Ecclesia
1416 1747 1596 1837 hahitare,
1628 1751 1692 1822 ubi
1719 1773 1788 1818 vox
1814 1745 2002 1837 Evangelii
2033 1755 2154 1829 sonat,

1160 1879 1306 1950 eamque
1320 1853 1463 1925 defendi
1479 1867 1515 1924 et
1527 1853 1659 1923 servari
1673 1875 1692 1921 a
1707 1849 1795 1922 Deo.
1837 1845 1915 1918 Hac
1930 1846 2058 1917 fiducia
2076 1867 2155 1914 sus-

1160 1958 1337 2051 cipiendi,
1364 1969 1399 2027 et
1415 1955 1617 2048 perferendi
1633 1965 1717 2024 sunt
1733 1951 1824 2023 tanti
1839 1948 2031 2020 ministerii
2050 1948 2154 2017 laho-

1160 2083 1225 2129 res.
1276 2059 1388 2131 Datae
1404 2058 1461 2127 die
1475 2057 1577 2128 tertia
1591 2053 1761 2148 Augusti,
1781 2048 1890 2124 Anno
1908 2046 2016 2126 1546.
2031 2049 2070 2119 iu
2087 2071 2153 2140 op-

1159 2163 1243 2254 pido
1259 2159 1463 2250 Mersburg.

1157 2611 1225 2686 No.
1240 2611 1351 2688 3243.

1166 2709 1338 2738 Μ

1691 2617 1725 2686 ὅ.
1739 2613 1822 2698 Aug.
1836 2614 1893 2696 (h.
1911 2638 1938 2680 a.
1951 2629 1987 2680 ut
2000 2617 2153 2706 vidum.)

1512 2832 1572 2916 M.
1602 2833 1804 2946 Helingo.

1258 2991 1342 3065 Epist.
1356 2991 1403 3048 lib.
1421 2993 1457 3052 V.
1475 3013 1501 3067 p.
1512 2993 1564 3050 858
1576 3014 1617 3068 sq.

1412 3143 1650 3220 Mauritio
1675 3145 1893 3244 Helingo.

1159 3265 1203 3356 S.
1228 3279 1273 3355 D.
1323 3277 1537 3353 Doctissime
1562 3279 1748 3366 Mauriti,
1778 3283 1967 3376 praecipua
1993 3307 2075 3376 pars
2100 3295 2152 3354 est

1159 3383 1335 3456 Ecclesiae
1353 3379 1440 3470 Dei,
1465 3407 1591 3474 agmen
1611 3380 1876 3472 scholasticum,
1901 3385 1970 3456 tale
1992 3409 2151 3476 praeser-

1159 3487 1243 3570 tim,
1269 3487 1363 3578 quod
1382 3487 1543 3556 nondum
1566 3485 1726 3573 licentia,
1752 3487 1892 3581 qualern
1914 3487 1983 3557 sibi
2004 3497 2150 3557 sumunt

1159 3588 1262 3658 multi
1289 3589 1495 3676 grandiores
1525 3602 1630 3674 natu,
1661 3601 1866 3679 corruptum
1898 3602 1959 3661 est.
2018 3585 2149 3677 Quare,

1159 3690 1220 3784 qui
1241 3689 1279 3757 in
1297 3683 1354 3756 his
1369 3683 1507 3759 Schelis
1523 3689 1671 3776 docent,
1694 3692 1889 3778 gaudeant,
1914 3713 1950 3758 se
1972 3687 2010 3757 in
2026 3691 2149 3762 statio-

1158 3815 1240 3860 nem
1262 3791 1356 3883 piam
1380 3790 1569 3859 collocatos
1592 3813 1666 3860 esse
1689 3791 1784 3861 inter
1799 3786 1955 3880 Angelos
1972 3788 2059 3870 Dei,
2085 3815 2149 3861 cu-

1158 3893 1275 3963 stodes
1293 3891 1400 3960 vestri
1414 3889 1564 3982 agminis
1587 3906 1622 3964 et
1645 3905 1843 3963 vestrorum
1862 3891 2088 3978 nidulorum,
2114 3907 2149 3968 et

1158 4018 1256 4064 suam
1282 3990 1445 4085 Spartam
1470 4007 1609 4063 ornent.
1673 3988 1753 4063 Oro
1777 3994 1885 4064 etiam
1911 3987 2045 4064 Filium
2068 3991 2148 4079 Dei,

1156 4095 1352 4166 Dominum
1382 4105 1543 4164 nostmm
1568 4089 1684 4163 lesum
1707 4089 1912 4181 Christum,
1952 4095 2014 4188 qui
2037 4094 2145 4165 dixit:

1156 4196 1272 4269 Sinite
1287 4195 1453 4287 parvulos
1470 4195 1592 4264 venire
1614 4196 1659 4263 ad
1681 4219 1758 4280 me,
1780 4209 1821 4265 ut
1838 4209 1952 4267 servet
1965 4209 2001 4266 et
2016 4196 2145 4286 guber·

1155 4311 1216 4369 net
1233 4297 1350 4367 studia
1365 4285 1547 4367 doctrinae
1564 4296 1603 4364 in
1617 4291 1674 4364 his
1689 4297 1906 4387 regionibus.

1255 4485 1467 4588 Coeperam
1482 4483 1718 4586 Crneigerum
1742 4493 1809 4563 tibi
1825 4494 2053 4577 commendo,
2082 4493 2145 4586 qui

1154 4595 1298 4689 quidem
1313 4609 1408 4666 tuam
1427 4618 1507 4685 erga
1522 4618 1560 4664 se
1574 4595 1855 4665 benevolentiam
1870 4608 2030 4664 amanter
2042 4615 2145 4686 prae-

1154 4698 1258 4771 dicat.
1318 4693 1476 4766 Adducit
1503 4691 1749 4766 scholasticum
1771 4688 1985 4778 Frentum,
2020 4696 2145 4764 mode-

1153 4813 1246 4870 stum
1268 4797 1450 4884 iuvenem,
1482 4809 1516 4866 et
1529 4795 1725 4881 Musicnm3
1753 4795 1822 4869 Sed
1846 4787 2004 4868 fortassis
2020 4819 2142 4865 vocem

1152 4899 1263 4989 magis
1280 4923 1447 4970 canoram
1466 4899 1635 4992 requires.
1683 4895 1762 4968 lloc
1785 4911 1943 4992 tempore
1965 4897 2045 4990 talis
2067 4919 2143 4968 non

1152 5012 1290 5093 poterat
1317 5000 1484 5073 inveniri.
1550 4997 1661 5090 Spero
1696 5011 1834 5078 tamen,
1869 4995 1965 5069 hunc
1983 5021 2143 5093 quoque

1151 5102 1252 5172 vobis
1277 5102 1357 5171 usui
1384 5102 1471 5174 lore.
1521 5097 1620 5169 Bene
1635 5101 1724 5172 vale.
1777 5099 1885 5172 Mitto
1900 5101 2005 5172 vobis
2021 5099 2142 5192 pagel-

110 5199 170 5274 hic
191 5203 377 5273 ordinatus
392 5224 477 5270 voce
489 5195 692 5292 Apostolica
716 5195 783 5268 sibi
800 5199 954 5290 praecipi
969 5199 1008 5268 in
1033 5193 1099 5269 hac
1149 5205 1212 5276 las.
1261 5199 1329 5275 Die
1343 5197 1378 5278 5.
1393 5197 1556 5292 Augusti.

108 5306 310 5387 iunctione,
340 5315 382 5371 ut
403 5304 597 5372 sacerdotes
626 5300 884 5384 adducendas,
918 5313 952 5370 et
974 5321 1098 5390 regen-

109 5409 173 5479 das
188 5403 365 5478 Ecclesias
379 5402 539 5488 ordinet,
562 5415 598 5474 et
610 5425 733 5473 eorum
749 5401 946 5472 doctrinam
966 5413 1001 5472 et
1018 5423 1096 5470 mo-

1650 5390 1841 5490 Philippus
1863 5331 2090 5468 Melanthos.
