<?xml version="1.0" encoding="UTF-8"?>
<!DOCTYPE html PUBLIC "-//W3C//DTD XHTML 1.0 Transitional//EN"
    "http://www.w3.org/TR/xhtml1/DTD/xhtml1-transitional.dtd">
<html xmlns="http://www.w3.org/1999/xhtml" xml:lang="en" lang="en">
 <head>
  <title>
</title>
<meta http-equiv="Content-Type" content="text/html;charset=utf-8" />
  <meta name='ocr-system' content='tesseract 3.04.00' />
  <meta name='ocr-capabilities' content='ocr_page ocr_carea ocr_par ocr_line ocrx_word'/>
</head>
<body>
  <div class='ocr_page' id='page_1' title='image "./corpusreformato19melagoog/corpusreformato19melagoog_0255.png"; bbox 0 0 4670 5806; ppageno 0'>
   <div class='ocr_carea' id='block_1_1' title="bbox 212 182 2253 280">
    <p class='ocr_par' dir='ltr' id='par_1_1' title="bbox 212 182 2253 280">
     <span class='ocr_line' id='line_1_1' title="bbox 212 182 2253 280; baseline -0.005 -3"><span class='ocrx_word' id='word_1_1' title='bbox 212 201 289 278; x_wconf 76' lang='lat' dir='ltr'><strong>att</strong></span> <span class='ocrx_word' id='word_1_2' title='bbox 783 182 1222 280; x_wconf 71' lang='lat' dir='ltr'><strong>tetstotttttttu</strong></span> <span class='ocrx_word' id='word_1_3' title='bbox 1276 187 1389 276; x_wconf 71' lang='lat' dir='ltr'><strong>bilia</strong></span> <span class='ocrx_word' id='word_1_4' title='bbox 1421 188 1487 275; x_wconf 66' lang='grc'><strong>18)</strong></span> <span class='ocrx_word' id='word_1_5' title='bbox 1507 248 1516 276; x_wconf 86' lang='grc'><strong>.</strong></span> <span class='ocrx_word' id='word_1_6' title='bbox 1538 189 1672 280; x_wconf 65' lang='lat' dir='ltr'><strong>&amp;We</strong></span> <span class='ocrx_word' id='word_1_7' title='bbox 2173 201 2253 278; x_wconf 74' lang='lat'><strong>472</strong></span> 
     </span>
    </p>
   </div>
   <div class='ocr_carea' id='block_1_2' title="bbox 217 353 2253 668">
    <p class='ocr_par' dir='ltr' id='par_1_2' title="bbox 217 353 2253 668">
     <span class='ocr_line' id='line_1_2' title="bbox 217 353 2253 464; baseline -0.002 -19"><span class='ocrx_word' id='word_1_8' title='bbox 217 393 297 464; x_wconf 84' lang='lat' dir='ltr'><strong>erga</strong></span> <span class='ocrx_word' id='word_1_9' title='bbox 313 394 370 454; x_wconf 81' lang='lat' dir='ltr'><strong>ms</strong></span> <span class='ocrx_word' id='word_1_10' title='bbox 385 367 531 441; x_wconf 83' lang='lat' dir='ltr'><strong>oshriosi</strong></span> <span class='ocrx_word' id='word_1_11' title='bbox 545 365 1015 456; x_wconf 77' lang='lat' dir='ltr'><strong>uualti,·tamenp1aeterto</strong></span> <span class='ocrx_word' id='word_1_12' title='bbox 1034 359 1207 432; x_wconf 73' lang='lat' dir='ltr'><strong>amicitiae</strong></span> <span class='ocrx_word' id='word_1_13' title='bbox 1257 353 1324 434; x_wconf 85' lang='lat' dir='ltr'><strong>hae</strong></span> <span class='ocrx_word' id='word_1_14' title='bbox 1345 361 1443 439; x_wconf 84' lang='lat' dir='ltr'><strong>itt-re</strong></span> <span class='ocrx_word' id='word_1_15' title='bbox 1464 387 1649 452; x_wconf 68' lang='lat' dir='ltr'><strong>nomae,</strong></span> <span class='ocrx_word' id='word_1_16' title='bbox 1677 366 1807 441; x_wconf 83' lang='lat' dir='ltr'><strong>deinde</strong></span> <span class='ocrx_word' id='word_1_17' title='bbox 1829 361 2098 447; x_wconf 81' lang='lat' dir='ltr'><strong>honestissimae</strong></span> <span class='ocrx_word' id='word_1_18' title='bbox 2116 383 2253 442; x_wconf 86' lang='lat' dir='ltr'><strong>matro-</strong></span> 
     </span>
     <span class='ocr_line' id='line_1_3' title="bbox 217 459 2252 566; baseline 0.002 -30"><span class='ocrx_word' id='word_1_19' title='bbox 217 497 283 543; x_wconf 81' lang='lat' dir='ltr'><strong>nec</strong></span> <span class='ocrx_word' id='word_1_20' title='bbox 304 462 570 556; x_wconf 74' lang='grc' dir='ltr'><strong>πλεονεκτικός,</strong></span> <span class='ocrx_word' id='word_1_21' title='bbox 610 491 675 538; x_wconf 89' lang='lat' dir='ltr'><strong>uec</strong></span> <span class='ocrx_word' id='word_1_22' title='bbox 697 479 854 558; x_wconf 88' lang='lat' dir='ltr'><strong>captator</strong></span> <span class='ocrx_word' id='word_1_23' title='bbox 875 487 949 536; x_wconf 88' lang='lat' dir='ltr'><strong>esse</strong></span> <span class='ocrx_word' id='word_1_24' title='bbox 976 463 1094 538; x_wconf 84' lang='lat' dir='ltr'><strong>velim.</strong></span> <span class='ocrx_word' id='word_1_25' title='bbox 1153 459 1207 534; x_wconf 70' lang='lat' dir='ltr'><strong>”t&#39;e</strong></span> <span class='ocrx_word' id='word_1_26' title='bbox 1257 460 1400 558; x_wconf 83' lang='lat' dir='ltr'><strong>nae²⁰)‚</strong></span> <span class='ocrx_word' id='word_1_27' title='bbox 1434 466 1595 558; x_wconf 83' lang='lat' dir='ltr'><strong>coniugis</strong></span> <span class='ocrx_word' id='word_1_28' title='bbox 1619 469 1746 562; x_wconf 87' lang='lat' dir='ltr'><strong>ipsius,</strong></span> <span class='ocrx_word' id='word_1_29' title='bbox 1780 467 1921 560; x_wconf 85' lang='lat' dir='ltr'><strong>inopia,</strong></span> <span class='ocrx_word' id='word_1_30' title='bbox 1951 497 2057 566; x_wconf 87' lang='lat' dir='ltr'><strong>quam</strong></span> <span class='ocrx_word' id='word_1_31' title='bbox 2081 497 2156 544; x_wconf 93' lang='lat' dir='ltr'><strong>non</strong></span> <span class='ocrx_word' id='word_1_32' title='bbox 2182 475 2252 542; x_wconf 89' lang='lat' dir='ltr'><strong>du-</strong></span> 
     </span>
     <span class='ocr_line' id='line_1_4' title="bbox 217 564 2252 668; baseline 0 -24"><span class='ocrx_word' id='word_1_33' title='bbox 217 587 311 644; x_wconf 81' lang='lat' dir='ltr'><strong>certe</strong></span> <span class='ocrx_word' id='word_1_34' title='bbox 330 586 475 666; x_wconf 91' lang='lat' dir='ltr'><strong>propter</strong></span> <span class='ocrx_word' id='word_1_35' title='bbox 494 569 695 641; x_wconf 90' lang='lat' dir='ltr'><strong>communia</strong></span> <span class='ocrx_word' id='word_1_36' title='bbox 718 569 835 640; x_wconf 89' lang='lat' dir='ltr'><strong>studia</strong></span> <span class='ocrx_word' id='word_1_37' title='bbox 856 567 1009 660; x_wconf 78' lang='lat' dir='ltr'><strong>optimae</strong></span> <span class='ocrx_word' id='word_1_38' title='bbox 1025 564 1207 634; x_wconf 88' lang='lat' dir='ltr'><strong>doctrinae</strong></span> <span class='ocrx_word' id='word_1_39' title='bbox 1257 565 1333 636; x_wconf 88' lang='lat' dir='ltr'><strong>bito</strong></span> <span class='ocrx_word' id='word_1_40' title='bbox 1353 579 1396 636; x_wconf 85' lang='lat' dir='ltr'><strong>ut</strong></span> <span class='ocrx_word' id='word_1_41' title='bbox 1413 589 1569 640; x_wconf 89' lang='lat' dir='ltr'><strong>sororem</strong></span> <span class='ocrx_word' id='word_1_42' title='bbox 1595 571 1658 640; x_wconf 87' lang='lat' dir='ltr'><strong>abs</strong></span> <span class='ocrx_word' id='word_1_43' title='bbox 1682 584 1717 640; x_wconf 92' lang='lat' dir='ltr'><strong>te</strong></span> <span class='ocrx_word' id='word_1_44' title='bbox 1736 572 1837 660; x_wconf 88' lang='lat' dir='ltr'><strong>diligi</strong></span> <span class='ocrx_word' id='word_1_45' title='bbox 1852 567 1893 668; x_wconf 84' lang='lat'><strong>²¹)</strong></span> <span class='ocrx_word' id='word_1_46' title='bbox 1915 587 1949 644; x_wconf 92' lang='lat' dir='ltr'><strong>et</strong></span> <span class='ocrx_word' id='word_1_47' title='bbox 1972 586 2116 666; x_wconf 87' lang='lat' dir='ltr'><strong>propter</strong></span> <span class='ocrx_word' id='word_1_48' title='bbox 2138 597 2252 666; x_wconf 88' lang='lat' dir='ltr'><strong>genus</strong></span> 
     </span>
    </p>
   </div>
   <div class='ocr_carea' id='block_1_3' title="bbox 217 663 2324 768">
    <p class='ocr_par' dir='ltr' id='par_1_3' title="bbox 217 663 2324 768">
     <span class='ocr_line' id='line_1_5' title="bbox 217 663 2324 768; baseline -0.001 -22"><span class='ocrx_word' id='word_1_49' title='bbox 217 689 252 746; x_wconf 90' lang='lat' dir='ltr'><strong>et</strong></span> <span class='ocrx_word' id='word_1_50' title='bbox 272 687 416 768; x_wconf 90' lang='lat' dir='ltr'><strong>propter</strong></span> <span class='ocrx_word' id='word_1_51' title='bbox 436 685 587 742; x_wconf 88' lang='lat' dir='ltr'><strong>veterem</strong></span> <span class='ocrx_word' id='word_1_52' title='bbox 612 683 648 744; x_wconf 89' lang='lat' dir='ltr'><strong>et</strong></span> <span class='ocrx_word' id='word_1_53' title='bbox 671 669 909 742; x_wconf 83' lang='lat' dir='ltr'><strong>doctissimam</strong></span> <span class='ocrx_word' id='word_1_54' title='bbox 925 663 955 765; x_wconf 79' lang='lat'><strong>⁶)</strong></span> <span class='ocrx_word' id='word_1_55' title='bbox 983 663 1205 736; x_wconf 85' lang='lat' dir='ltr'><strong>familiarita-</strong></span> <span class='ocrx_word' id='word_1_56' title='bbox 1258 681 1292 738; x_wconf 92' lang='lat' dir='ltr'><strong>et</strong></span> <span class='ocrx_word' id='word_1_57' title='bbox 1305 681 1450 760; x_wconf 90' lang='lat' dir='ltr'><strong>propter</strong></span> <span class='ocrx_word' id='word_1_58' title='bbox 1466 669 1542 740; x_wconf 83' lang='lat' dir='ltr'><strong>eim</strong></span> <span class='ocrx_word' id='word_1_59' title='bbox 1558 670 1737 748; x_wconf 84' lang='lat' dir='ltr'><strong>virtutem.</strong></span> <span class='ocrx_word' id='word_1_60' title='bbox 1780 669 1939 744; x_wconf 86' lang='lat' dir='ltr'><strong>Etenim</strong></span> <span class='ocrx_word' id='word_1_61' title='bbox 1957 675 2158 768; x_wconf 82' lang='lat' dir='ltr'><strong>exemplum</strong></span> <span class='ocrx_word' id='word_1_62' title='bbox 2173 699 2253 744; x_wconf 86' lang='lat' dir='ltr'><strong>ma·</strong></span> <span class='ocrx_word' id='word_1_63' title='bbox 2323 675 2324 690; x_wconf 58' lang='lat'><strong>.</strong></span> 
     </span>
    </p>
   </div>
   <div class='ocr_carea' id='block_1_4' title="bbox 216 767 2324 970">
    <p class='ocr_par' dir='ltr' id='par_1_4' title="bbox 216 767 2324 970">
     <span class='ocr_line' id='line_1_6' title="bbox 217 767 2324 874; baseline 0 -27"><span class='ocrx_word' id='word_1_64' title='bbox 217 791 289 848; x_wconf 90' lang='lat' dir='ltr'><strong>tem</strong></span> <span class='ocrx_word' id='word_1_65' title='bbox 317 781 454 866; x_wconf 90' lang='lat' dir='ltr'><strong>semper</strong></span> <span class='ocrx_word' id='word_1_66' title='bbox 475 771 624 847; x_wconf 85' lang='lat' dir='ltr'><strong>candide</strong></span> <span class='ocrx_word' id='word_1_67' title='bbox 648 772 756 842; x_wconf 83' lang='lat' dir='ltr'><strong>dilexi</strong></span> <span class='ocrx_word' id='word_1_68' title='bbox 782 785 818 842; x_wconf 90' lang='lat' dir='ltr'><strong>et</strong></span> <span class='ocrx_word' id='word_1_69' title='bbox 838 767 954 874; x_wconf 87' lang='lat' dir='ltr'><strong>adhue</strong></span> <span class='ocrx_word' id='word_1_70' title='bbox 976 769 1103 858; x_wconf 82' lang='lat' dir='ltr'><strong>diligo,</strong></span> <span class='ocrx_word' id='word_1_71' title='bbox 1142 791 1206 836; x_wconf 92' lang='lat' dir='ltr'><strong>nec</strong></span> <span class='ocrx_word' id='word_1_72' title='bbox 1257 781 1381 840; x_wconf 88' lang='lat' dir='ltr'><strong>tronae</strong></span> <span class='ocrx_word' id='word_1_73' title='bbox 1393 783 1539 842; x_wconf 86' lang='lat' dir='ltr'><strong>ornatae</strong></span> <span class='ocrx_word' id='word_1_74' title='bbox 1552 773 1721 846; x_wconf 84' lang='lat' dir='ltr'><strong>omnihus</strong></span> <span class='ocrx_word' id='word_1_75' title='bbox 1743 774 1882 846; x_wconf 80' lang='lat' dir='ltr'><strong>eximiis</strong></span> <span class='ocrx_word' id='word_1_76' title='bbox 1902 773 2109 862; x_wconf 78' lang='lat' dir='ltr'><strong>virtutibus,</strong></span> <span class='ocrx_word' id='word_1_77' title='bbox 2142 777 2253 870; x_wconf 91' lang='lat' dir='ltr'><strong>pudi·</strong></span> <span class='ocrx_word' id='word_1_78' title='bbox 2323 791 2324 836; x_wconf 73' lang='lat' dir='ltr'><strong>t</strong></span> 
     </span>
     <span class='ocr_line' id='line_1_7' title="bbox 216 869 2324 970; baseline 0 -22"><span class='ocrx_word' id='word_1_79' title='bbox 216 875 352 948; x_wconf 83' lang='lat' dir='ltr'><strong>mrttavi</strong></span> <span class='ocrx_word' id='word_1_80' title='bbox 374 875 562 968; x_wconf 88' lang='lat' dir='ltr'><strong>quicquam</strong></span> <span class='ocrx_word' id='word_1_81' title='bbox 585 873 629 944; x_wconf 88' lang='lat' dir='ltr'><strong>de</strong></span> <span class='ocrx_word' id='word_1_82' title='bbox 653 898 730 944; x_wconf 88' lang='lat' dir='ltr'><strong>mea</strong></span> <span class='ocrx_word' id='word_1_83' title='bbox 751 897 831 964; x_wconf 88' lang='lat' dir='ltr'><strong>erga</strong></span> <span class='ocrx_word' id='word_1_84' title='bbox 852 869 1096 970; x_wconf 74' lang='lat' dir='ltr'><strong>benevolentia</strong></span> <span class='ocrx_word' id='word_1_85' title='bbox 1121 893 1206 962; x_wconf 85' lang='lat' dir='ltr'><strong>pro-</strong></span> <span class='ocrx_word' id='word_1_86' title='bbox 1256 870 1358 956; x_wconf 91' lang='lat' dir='ltr'><strong>citia,</strong></span> <span class='ocrx_word' id='word_1_87' title='bbox 1382 872 1571 961; x_wconf 85' lang='lat' dir='ltr'><strong>gravitate,</strong></span> <span class='ocrx_word' id='word_1_88' title='bbox 1601 875 1787 946; x_wconf 87' lang='lat' dir='ltr'><strong>sanctitate</strong></span> <span class='ocrx_word' id='word_1_89' title='bbox 1801 899 1960 957; x_wconf 84' lang='lat' dir='ltr'><strong>morum,</strong></span> <span class='ocrx_word' id='word_1_90' title='bbox 1985 878 2132 968; x_wconf 88' lang='lat' dir='ltr'><strong>pietate,</strong></span> <span class='ocrx_word' id='word_1_91' title='bbox 2159 879 2254 950; x_wconf 89' lang='lat' dir='ltr'><strong>tole·</strong></span> <span class='ocrx_word' id='word_1_92' title='bbox 2323 883 2324 896; x_wconf 59' lang='lat'>¹</span> 
     </span>
    </p>
   </div>
   <div class='ocr_carea' id='block_1_5' title="bbox 214 969 2254 1577">
    <p class='ocr_par' dir='ltr' id='par_1_5' title="bbox 214 969 2254 1577">
     <span class='ocr_line' id='line_1_8' title="bbox 215 969 2254 1072; baseline 0.001 -25"><span class='ocrx_word' id='word_1_93' title='bbox 215 989 354 1071; x_wconf 82' lang='lat' dir='ltr'><strong>pterea,</strong></span> <span class='ocrx_word' id='word_1_94' title='bbox 390 979 485 1072; x_wconf 87' lang='lat' dir='ltr'><strong>quod</strong></span> <span class='ocrx_word' id='word_1_95' title='bbox 508 975 623 1046; x_wconf 85' lang='lat' dir='ltr'><strong>affinis</strong></span> <span class='ocrx_word' id='word_1_96' title='bbox 643 979 695 1046; x_wconf 89' lang='lat' dir='ltr'><strong>tui</strong></span> <span class='ocrx_word' id='word_1_97' title='bbox 717 973 807 1044; x_wconf 86' lang='lat' dir='ltr'><strong>lilios</strong></span> <span class='ocrx_word' id='word_1_98' title='bbox 828 969 1074 1045; x_wconf 77' lang='lat' dir='ltr'><strong>honestissatl</strong></span> <span class='ocrx_word' id='word_1_99' title='bbox 1091 993 1204 1039; x_wconf 88' lang='lat' dir='ltr'><strong>meam</strong></span> <span class='ocrx_word' id='word_1_100' title='bbox 1256 973 1389 1058; x_wconf 79' lang='lat' dir='ltr'><strong>rantis,</strong></span> <span class='ocrx_word' id='word_1_101' title='bbox 1421 974 1605 1064; x_wconf 78' lang='lat' dir='ltr'><strong>diligentia</strong></span> <span class='ocrx_word' id='word_1_102' title='bbox 1624 976 1663 1045; x_wconf 94' lang='lat' dir='ltr'><strong>in</strong></span> <span class='ocrx_word' id='word_1_103' title='bbox 1680 978 1896 1048; x_wconf 81' lang='lat' dir='ltr'><strong>oeconomia.</strong></span> <span class='ocrx_word' id='word_1_104' title='bbox 1946 975 2064 1052; x_wconf 90' lang='lat' dir='ltr'><strong>Huius</strong></span> <span class='ocrx_word' id='word_1_105' title='bbox 2080 993 2114 1050; x_wconf 90' lang='lat' dir='ltr'><strong>te</strong></span> <span class='ocrx_word' id='word_1_106' title='bbox 2131 981 2254 1050; x_wconf 83' lang='lat' dir='ltr'><strong>tortu-</strong></span> 
     </span>
     <span class='ocr_line' id='line_1_9' title="bbox 215 1074 2252 1176; baseline -0.001 -27"><span class='ocrx_word' id='word_1_107' title='bbox 215 1078 355 1152; x_wconf 88' lang='lat' dir='ltr'><strong>admisi.</strong></span> <span class='ocrx_word' id='word_1_108' title='bbox 390 1075 467 1147; x_wconf 92' lang='lat' dir='ltr'><strong>lmo</strong></span> <span class='ocrx_word' id='word_1_109' title='bbox 483 1101 667 1170; x_wconf 87' lang='lat' dir='ltr'><strong>nunquam</strong></span> <span class='ocrx_word' id='word_1_110' title='bbox 684 1077 800 1169; x_wconf 90' lang='lat' dir='ltr'><strong>ipsum</strong></span> <span class='ocrx_word' id='word_1_111' title='bbox 817 1074 1206 1168; x_wconf 85' lang='lat' dir='ltr'><strong>deteaspereloquen-</strong></span> <span class='ocrx_word' id='word_1_112' title='bbox 1256 1097 1339 1144; x_wconf 89' lang='lat' dir='ltr'><strong>uam</strong></span> <span class='ocrx_word' id='word_1_113' title='bbox 1355 1074 1526 1166; x_wconf 76' lang='lat' dir='ltr'><strong>respicere</strong></span> <span class='ocrx_word' id='word_1_114' title='bbox 1540 1101 1606 1169; x_wconf 92' lang='lat' dir='ltr'><strong>pro</strong></span> <span class='ocrx_word' id='word_1_115' title='bbox 1621 1091 1681 1150; x_wconf 90' lang='lat' dir='ltr'><strong>tua</strong></span> <span class='ocrx_word' id='word_1_116' title='bbox 1699 1077 1827 1170; x_wconf 89' lang='lat' dir='ltr'><strong>pietate</strong></span> <span class='ocrx_word' id='word_1_117' title='bbox 1843 1076 2016 1176; x_wconf 79' lang='lat' dir='ltr'><strong>velim²²).</strong></span> <span class='ocrx_word' id='word_1_118' title='bbox 2064 1079 2252 1152; x_wconf 83' lang='lat' dir='ltr'><strong>Postremo</strong></span> 
     </span>
     <span class='ocr_line' id='line_1_10' title="bbox 215 1167 2251 1274; baseline -0.001 -22"><span class='ocrx_word' id='word_1_119' title='bbox 215 1193 288 1252; x_wconf 90' lang='lat' dir='ltr'><strong>tem</strong></span> <span class='ocrx_word' id='word_1_120' title='bbox 311 1178 450 1264; x_wconf 86' lang='lat' dir='ltr'><strong>audivi,</strong></span> <span class='ocrx_word' id='word_1_121' title='bbox 491 1177 654 1272; x_wconf 88' lang='lat' dir='ltr'><strong>aequasi</strong></span> <span class='ocrx_word' id='word_1_122' title='bbox 678 1179 754 1249; x_wconf 88' lang='lat' dir='ltr'><strong>eius</strong></span> <span class='ocrx_word' id='word_1_123' title='bbox 784 1177 1000 1272; x_wconf 75' lang='lat' dir='ltr'><strong>suspiciones</strong></span> <span class='ocrx_word' id='word_1_124' title='bbox 1029 1167 1206 1270; x_wconf 78' lang='lat' dir='ltr'><strong>sanavi&#39;).</strong></span> <span class='ocrx_word' id='word_1_125' title='bbox 1257 1175 1364 1245; x_wconf 88' lang='lat' dir='ltr'><strong>etiarn</strong></span> <span class='ocrx_word' id='word_1_126' title='bbox 1383 1191 1524 1248; x_wconf 91' lang='lat' dir='ltr'><strong>nostrae</strong></span> <span class='ocrx_word' id='word_1_127' title='bbox 1543 1178 1717 1252; x_wconf 76' lang='lat' dir='ltr'><strong>amicitiae</strong></span> <span class='ocrx_word' id='word_1_128' title='bbox 1736 1179 1873 1274; x_wconf 85' lang='lat' dir='ltr'><strong>aliquid</strong></span> <span class='ocrx_word' id='word_1_129' title='bbox 1889 1181 2034 1252; x_wconf 82' lang='lat' dir='ltr'><strong>tribuas.</strong></span> <span class='ocrx_word' id='word_1_130' title='bbox 2084 1179 2251 1254; x_wconf 84' lang='lat' dir='ltr'><strong>luvarem</strong></span> 
     </span>
     <span class='ocr_line' id='line_1_11' title="bbox 215 1273 2253 1375; baseline 0.001 -23"><span class='ocrx_word' id='word_1_131' title='bbox 215 1279 310 1352; x_wconf 83' lang='lat' dir='ltr'><strong>Volo</strong></span> <span class='ocrx_word' id='word_1_132' title='bbox 326 1281 434 1370; x_wconf 92' lang='lat' dir='ltr'><strong>igitur</strong></span> <span class='ocrx_word' id='word_1_133' title='bbox 451 1279 516 1351; x_wconf 93' lang='lat' dir='ltr'><strong>tibi</strong></span> <span class='ocrx_word' id='word_1_134' title='bbox 529 1304 735 1372; x_wconf 90' lang='lat' dir='ltr'><strong>persuasum</strong></span> <span class='ocrx_word' id='word_1_135' title='bbox 745 1303 841 1366; x_wconf 78' lang='lat' dir='ltr'><strong>esse,</strong></span> <span class='ocrx_word' id='word_1_136' title='bbox 874 1291 909 1349; x_wconf 90' lang='lat' dir='ltr'><strong>te</strong></span> <span class='ocrx_word' id='word_1_137' title='bbox 931 1301 952 1348; x_wconf 90' lang='lat' dir='ltr'><strong>a</strong></span> <span class='ocrx_word' id='word_1_138' title='bbox 975 1300 1031 1346; x_wconf 90' lang='lat' dir='ltr'><strong>me</strong></span> <span class='ocrx_word' id='word_1_139' title='bbox 1053 1299 1134 1344; x_wconf 85' lang='lat' dir='ltr'><strong>vere</strong></span> <span class='ocrx_word' id='word_1_140' title='bbox 1149 1273 1205 1344; x_wconf 94' lang='lat' dir='ltr'><strong>di·</strong></span> <span class='ocrx_word' id='word_1_141' title='bbox 1257 1277 1385 1370; x_wconf 90' lang='lat' dir='ltr'><strong>etipse</strong></span> <span class='ocrx_word' id='word_1_142' title='bbox 1406 1274 1554 1375; x_wconf 78' lang='lat' dir='ltr'><strong>eam²’),</strong></span> <span class='ocrx_word' id='word_1_143' title='bbox 1590 1280 1621 1350; x_wconf 90' lang='lat' dir='ltr'><strong>si</strong></span> <span class='ocrx_word' id='word_1_144' title='bbox 1642 1275 1940 1372; x_wconf 80' lang='lat' dir='ltr'><strong>oeconomiam²⁸)</strong></span> <span class='ocrx_word' id='word_1_145' title='bbox 1960 1283 2152 1374; x_wconf 89' lang='lat' dir='ltr'><strong>potuissem</strong></span> <span class='ocrx_word' id='word_1_146' title='bbox 2174 1283 2253 1374; x_wconf 82' lang='lat' dir='ltr'><strong>ipse</strong></span> 
     </span>
     <span class='ocr_line' id='line_1_12' title="bbox 215 1376 2252 1476; baseline -0.001 -23"><span class='ocrx_word' id='word_1_147' title='bbox 215 1383 298 1473; x_wconf 89' lang='lat' dir='ltr'><strong>ligi,</strong></span> <span class='ocrx_word' id='word_1_148' title='bbox 323 1396 357 1452; x_wconf 92' lang='lat' dir='ltr'><strong>et</strong></span> <span class='ocrx_word' id='word_1_149' title='bbox 379 1376 472 1452; x_wconf 88' lang='lat' dir='ltr'><strong>hanc</strong></span> <span class='ocrx_word' id='word_1_150' title='bbox 493 1381 685 1476; x_wconf 65' lang='lat' dir='ltr'><strong>epistolam,</strong></span> <span class='ocrx_word' id='word_1_151' title='bbox 699 1397 867 1476; x_wconf 84' lang='lat' dir='ltr'><strong>tanquam</strong></span> <span class='ocrx_word' id='word_1_152' title='bbox 883 1393 1005 1452; x_wconf 88' lang='lat' dir='ltr'><strong>testem</strong></span> <span class='ocrx_word' id='word_1_153' title='bbox 1022 1376 1207 1470; x_wconf 83' lang='lat' dir='ltr'><strong>praecipue</strong></span> <span class='ocrx_word' id='word_1_154' title='bbox 1257 1401 1389 1468; x_wconf 87' lang='lat' dir='ltr'><strong>regere.</strong></span> <span class='ocrx_word' id='word_1_155' title='bbox 1447 1377 1519 1451; x_wconf 89' lang='lat' dir='ltr'><strong>Sed</strong></span> <span class='ocrx_word' id='word_1_156' title='bbox 1546 1403 1604 1455; x_wconf 90' lang='lat' dir='ltr'><strong>me</strong></span> <span class='ocrx_word' id='word_1_157' title='bbox 1634 1383 1772 1473; x_wconf 89' lang='lat' dir='ltr'><strong>negotia</strong></span> <span class='ocrx_word' id='word_1_158' title='bbox 1803 1383 1946 1476; x_wconf 84' lang='lat' dir='ltr'><strong>publica</strong></span> <span class='ocrx_word' id='word_1_159' title='bbox 1976 1385 2252 1476; x_wconf 85' lang='lat' dir='ltr'><strong>impediverunt.</strong></span> 
     </span>
     <span class='ocr_line' id='line_1_13' title="bbox 214 1475 2253 1577; baseline 0.001 -23"><span class='ocrx_word' id='word_1_160' title='bbox 214 1504 314 1554; x_wconf 88' lang='lat' dir='ltr'><strong>meae</strong></span> <span class='ocrx_word' id='word_1_161' title='bbox 329 1477 641 1577; x_wconf 69' lang='lat' dir='ltr'><strong>voluntatistibi¹l</strong></span> <span class='ocrx_word' id='word_1_162' title='bbox 658 1485 771 1558; x_wconf 85' lang='lat' dir='ltr'><strong>mitto.</strong></span> <span class='ocrx_word' id='word_1_163' title='bbox 822 1481 976 1552; x_wconf 88' lang='lat' dir='ltr'><strong>Memini</strong></span> <span class='ocrx_word' id='word_1_164' title='bbox 993 1491 1134 1562; x_wconf 87' lang='lat' dir='ltr'><strong>autem,</strong></span> <span class='ocrx_word' id='word_1_165' title='bbox 1150 1501 1207 1546; x_wconf 89' lang='lat' dir='ltr'><strong>me</strong></span> <span class='ocrx_word' id='word_1_166' title='bbox 1259 1475 1422 1574; x_wconf 87' lang='lat' dir='ltr'><strong>Aequum</strong></span> <span class='ocrx_word' id='word_1_167' title='bbox 1437 1495 1490 1552; x_wconf 92' lang='lat' dir='ltr'><strong>est</strong></span> <span class='ocrx_word' id='word_1_168' title='bbox 1503 1496 1639 1570; x_wconf 85' lang='lat' dir='ltr'><strong>autem,</strong></span> <span class='ocrx_word' id='word_1_169' title='bbox 1667 1507 1734 1554; x_wconf 92' lang='lat' dir='ltr'><strong>uos</strong></span> <span class='ocrx_word' id='word_1_170' title='bbox 1745 1481 1785 1577; x_wconf 76' lang='lat'><strong>²⁸)</strong></span> <span class='ocrx_word' id='word_1_171' title='bbox 1800 1507 1874 1554; x_wconf 88' lang='lat' dir='ltr'><strong>esse</strong></span> <span class='ocrx_word' id='word_1_172' title='bbox 1887 1486 2063 1556; x_wconf 85' lang='lat' dir='ltr'><strong>officiosos</strong></span> <span class='ocrx_word' id='word_1_173' title='bbox 2079 1509 2159 1576; x_wconf 88' lang='lat' dir='ltr'><strong>erga</strong></span> <span class='ocrx_word' id='word_1_174' title='bbox 2179 1509 2253 1570; x_wconf 87' lang='lat' dir='ltr'><strong>eos,</strong></span> 
     </span>
    </p>
   </div>
   <div class='ocr_carea' id='block_1_6' title="bbox 217 1573 2325 1781">
    <p class='ocr_par' dir='ltr' id='par_1_6' title="bbox 217 1573 2325 1781">
     <span class='ocr_line' id='line_1_14' title="bbox 217 1573 2325 1680; baseline 0 -24"><span class='ocrx_word' id='word_1_175' title='bbox 217 1599 299 1656; x_wconf 84' lang='lat' dir='ltr'><strong>ante</strong></span> <span class='ocrx_word' id='word_1_176' title='bbox 319 1609 430 1655; x_wconf 90' lang='lat' dir='ltr'><strong>annos</strong></span> <span class='ocrx_word' id='word_1_177' title='bbox 452 1585 589 1680; x_wconf 85' lang='lat' dir='ltr'><strong>aliquot</strong></span> <span class='ocrx_word' id='word_1_178' title='bbox 612 1588 657 1655; x_wconf 89' lang='lat' dir='ltr'><strong>de</strong></span> <span class='ocrx_word' id='word_1_179' title='bbox 682 1580 876 1655; x_wconf 80' lang='lat' dir='ltr'><strong>Ambrosio</strong></span> <span class='ocrx_word' id='word_1_180' title='bbox 898 1573 1078 1676; x_wconf 65' lang='grc' dir='ltr'><strong>Παιήον’)</strong></span> <span class='ocrx_word' id='word_1_181' title='bbox 1101 1579 1144 1649; x_wconf 85' lang='lat' dir='ltr'><strong>sd</strong></span> <span class='ocrx_word' id='word_1_182' title='bbox 1173 1593 1206 1648; x_wconf 92' lang='lat' dir='ltr'><strong>te</strong></span> <span class='ocrx_word' id='word_1_183' title='bbox 1257 1606 1410 1674; x_wconf 89' lang='lat' dir='ltr'><strong>quorum</strong></span> <span class='ocrx_word' id='word_1_184' title='bbox 1427 1584 1554 1656; x_wconf 87' lang='lat' dir='ltr'><strong>militia</strong></span> <span class='ocrx_word' id='word_1_185' title='bbox 1571 1586 1680 1656; x_wconf 89' lang='lat' dir='ltr'><strong>servit</strong></span> <span class='ocrx_word' id='word_1_186' title='bbox 1692 1582 1888 1671; x_wconf 85' lang='lat' dir='ltr'><strong>Ecclesiae,</strong></span> <span class='ocrx_word' id='word_1_187' title='bbox 1919 1601 1953 1658; x_wconf 93' lang='lat' dir='ltr'><strong>et</strong></span> <span class='ocrx_word' id='word_1_188' title='bbox 1969 1587 2167 1660; x_wconf 87' lang='lat' dir='ltr'><strong>doctrinam</strong></span> <span class='ocrx_word' id='word_1_189' title='bbox 2189 1611 2252 1656; x_wconf 86' lang='lat' dir='ltr'><strong>ve-</strong></span> <span class='ocrx_word' id='word_1_190' title='bbox 2324 1617 2325 1678; x_wconf 64' lang='lat'>3</span> 
     </span>
     <span class='ocr_line' id='line_1_15' title="bbox 218 1679 2325 1781; baseline 0 -24"><span class='ocrx_word' id='word_1_191' title='bbox 218 1688 387 1772; x_wconf 87' lang='lat' dir='ltr'><strong>scribere,</strong></span> <span class='ocrx_word' id='word_1_192' title='bbox 414 1709 520 1781; x_wconf 84' lang='lat' dir='ltr'><strong>quern</strong></span> <span class='ocrx_word' id='word_1_193' title='bbox 536 1689 630 1780; x_wconf 90' lang='lat' dir='ltr'><strong>quod</strong></span> <span class='ocrx_word' id='word_1_194' title='bbox 645 1699 789 1780; x_wconf 88' lang='lat' dir='ltr'><strong>propter</strong></span> <span class='ocrx_word' id='word_1_195' title='bbox 803 1685 922 1756; x_wconf 89' lang='lat' dir='ltr'><strong>literas</strong></span> <span class='ocrx_word' id='word_1_196' title='bbox 938 1705 1030 1754; x_wconf 86' lang='lat' dir='ltr'><strong>meas</strong></span> <span class='ocrx_word' id='word_1_197' title='bbox 1046 1697 1130 1754; x_wconf 91' lang='lat' dir='ltr'><strong>tunc</strong></span> <span class='ocrx_word' id='word_1_198' title='bbox 1143 1681 1208 1750; x_wconf 88' lang='lat' dir='ltr'><strong>ad·</strong></span> <span class='ocrx_word' id='word_1_199' title='bbox 1257 1707 1332 1752; x_wconf 89' lang='lat' dir='ltr'><strong>ram</strong></span> <span class='ocrx_word' id='word_1_200' title='bbox 1350 1683 1513 1758; x_wconf 80' lang='lat' dir='ltr'><strong>illustrat·</strong></span> <span class='ocrx_word' id='word_1_201' title='bbox 1560 1683 1657 1758; x_wconf 90' lang='lat' dir='ltr'><strong>Haec</strong></span> <span class='ocrx_word' id='word_1_202' title='bbox 1672 1689 1717 1758; x_wconf 89' lang='lat' dir='ltr'><strong>atl</strong></span> <span class='ocrx_word' id='word_1_203' title='bbox 1734 1701 1769 1758; x_wconf 90' lang='lat' dir='ltr'><strong>te</strong></span> <span class='ocrx_word' id='word_1_204' title='bbox 1783 1687 1907 1780; x_wconf 88' lang='lat' dir='ltr'><strong>scripsi</strong></span> <span class='ocrx_word' id='word_1_205' title='bbox 1922 1691 2017 1759; x_wconf 89' lang='lat' dir='ltr'><strong>bono</strong></span> <span class='ocrx_word' id='word_1_206' title='bbox 2032 1690 2170 1774; x_wconf 89' lang='lat' dir='ltr'><strong>studio,</strong></span> <span class='ocrx_word' id='word_1_207' title='bbox 2196 1703 2252 1760; x_wconf 89' lang='lat' dir='ltr'><strong>te-</strong></span> <span class='ocrx_word' id='word_1_208' title='bbox 2324 1679 2325 1732; x_wconf 49' lang='lat' dir='ltr'><strong>l</strong></span> 
     </span>
    </p>
   </div>
   <div class='ocr_carea' id='block_1_7' title="bbox 191 1779 2253 2390">
    <p class='ocr_par' dir='ltr' id='par_1_7' title="bbox 191 1779 2253 2284">
     <span class='ocr_line' id='line_1_16' title="bbox 214 1779 2252 1884; baseline 0.001 -27"><span class='ocrx_word' id='word_1_209' title='bbox 214 1783 417 1884; x_wconf 80' lang='lat' dir='ltr'><strong>iuvisti¹⁰),</strong></span> <span class='ocrx_word' id='word_1_210' title='bbox 437 1781 550 1859; x_wconf 86' lang='lat' dir='ltr'><strong>habeo</strong></span> <span class='ocrx_word' id='word_1_211' title='bbox 567 1789 631 1860; x_wconf 91' lang='lat' dir='ltr'><strong>tibi</strong></span> <span class='ocrx_word' id='word_1_212' title='bbox 647 1789 794 1878; x_wconf 78' lang='lat' dir='ltr'><strong>gratiam</strong></span> <span class='ocrx_word' id='word_1_213' title='bbox 808 1801 848 1858; x_wconf 94' lang='lat' dir='ltr'><strong>ut</strong></span> <span class='ocrx_word' id='word_1_214' title='bbox 865 1787 976 1856; x_wconf 92' lang='lat' dir='ltr'><strong>debeo</strong></span> <span class='ocrx_word' id='word_1_215' title='bbox 989 1780 1045 1880; x_wconf 85' lang='lat'><strong>¹¹),</strong></span> <span class='ocrx_word' id='word_1_216' title='bbox 1075 1809 1115 1853; x_wconf 85' lang='lat' dir='ltr'><strong>ac</strong></span> <span class='ocrx_word' id='word_1_217' title='bbox 1129 1779 1207 1851; x_wconf 90' lang='lat' dir='ltr'><strong>Deo</strong></span> <span class='ocrx_word' id='word_1_218' title='bbox 1258 1781 1469 1882; x_wconf 85' lang='lat' dir='ltr'><strong>qoeoro²&#39;&#39;),</strong></span> <span class='ocrx_word' id='word_1_219' title='bbox 1492 1800 1534 1858; x_wconf 92' lang='lat' dir='ltr'><strong>ut</strong></span> <span class='ocrx_word' id='word_1_220' title='bbox 1548 1803 1708 1860; x_wconf 89' lang='lat' dir='ltr'><strong>amanter</strong></span> <span class='ocrx_word' id='word_1_221' title='bbox 1722 1802 1757 1860; x_wconf 88' lang='lat' dir='ltr'><strong>et</strong></span> <span class='ocrx_word' id='word_1_222' title='bbox 1769 1789 1964 1862; x_wconf 89' lang='lat' dir='ltr'><strong>liberaliter</strong></span> <span class='ocrx_word' id='word_1_223' title='bbox 1973 1785 2252 1884; x_wconf 80' lang='lat' dir='ltr'><strong>respondeas”).</strong></span> 
     </span>
     <span class='ocr_line' id='line_1_17' title="bbox 215 1883 2253 1981; baseline 0 -20"><span class='ocrx_word' id='word_1_224' title='bbox 215 1904 357 1981; x_wconf 89' lang='lat' dir='ltr'><strong>gratum</strong></span> <span class='ocrx_word' id='word_1_225' title='bbox 371 1903 559 1962; x_wconf 88' lang='lat' dir='ltr'><strong>essetoum</strong></span> <span class='ocrx_word' id='word_1_226' title='bbox 582 1891 736 1961; x_wconf 84' lang='lat' dir='ltr'><strong>officium</strong></span> <span class='ocrx_word' id='word_1_227' title='bbox 758 1911 833 1958; x_wconf 91' lang='lat' dir='ltr'><strong>non</strong></span> <span class='ocrx_word' id='word_1_228' title='bbox 852 1889 998 1972; x_wconf 89' lang='lat' dir='ltr'><strong>dubito,</strong></span> <span class='ocrx_word' id='word_1_229' title='bbox 1032 1885 1094 1980; x_wconf 90' lang='lat' dir='ltr'><strong>qui</strong></span> <span class='ocrx_word' id='word_1_230' title='bbox 1114 1896 1208 1953; x_wconf 89' lang='lat' dir='ltr'><strong>certe</strong></span> <span class='ocrx_word' id='word_1_231' title='bbox 1257 1883 1371 1972; x_wconf 88' lang='lat' dir='ltr'><strong>Deus,</strong></span> <span class='ocrx_word' id='word_1_232' title='bbox 1403 1901 1503 1978; x_wconf 88' lang='lat' dir='ltr'><strong>pater</strong></span> <span class='ocrx_word' id='word_1_233' title='bbox 1523 1902 1687 1962; x_wconf 89' lang='lat' dir='ltr'><strong>aeternus</strong></span> <span class='ocrx_word' id='word_1_234' title='bbox 1709 1889 1849 1962; x_wconf 88' lang='lat' dir='ltr'><strong>domiui</strong></span> <span class='ocrx_word' id='word_1_235' title='bbox 1874 1890 1988 1962; x_wconf 90' lang='lat' dir='ltr'><strong>nostri</strong></span> <span class='ocrx_word' id='word_1_236' title='bbox 2009 1887 2087 1962; x_wconf 90' lang='lat' dir='ltr'><strong>lesu</strong></span> <span class='ocrx_word' id='word_1_237' title='bbox 2102 1886 2253 1976; x_wconf 89' lang='lat' dir='ltr'><strong>Christi,</strong></span> 
     </span>
     <span class='ocr_line' id='line_1_18' title="bbox 217 1982 2252 2084; baseline 0 -22"><span class='ocrx_word' id='word_1_238' title='bbox 217 1993 316 2078; x_wconf 76' lang='lat' dir='ltr'><strong>attlt,</strong></span> <span class='ocrx_word' id='word_1_239' title='bbox 346 2007 388 2062; x_wconf 91' lang='lat' dir='ltr'><strong>ut</strong></span> <span class='ocrx_word' id='word_1_240' title='bbox 409 1987 564 2063; x_wconf 78' lang='lat' dir='ltr'><strong>honestis</strong></span> <span class='ocrx_word' id='word_1_241' title='bbox 582 1991 727 2062; x_wconf 80' lang='lat' dir='ltr'><strong>familiis</strong></span> <span class='ocrx_word' id='word_1_242' title='bbox 746 1991 930 2081; x_wconf 79' lang='lat' dir='ltr'><strong>egentibus</strong></span> <span class='ocrx_word' id='word_1_243' title='bbox 950 1988 1055 2058; x_wconf 87' lang='lat' dir='ltr'><strong>amici</strong></span> <span class='ocrx_word' id='word_1_244' title='bbox 1066 1982 1107 2082; x_wconf 83' lang='lat'><strong>¹²)</strong></span> <span class='ocrx_word' id='word_1_245' title='bbox 1130 1985 1207 2054; x_wconf 87' lang='lat' dir='ltr'><strong>sine</strong></span> <span class='ocrx_word' id='word_1_246' title='bbox 1258 1999 1370 2058; x_wconf 89' lang='lat' dir='ltr'><strong>servet</strong></span> <span class='ocrx_word' id='word_1_247' title='bbox 1386 2002 1421 2060; x_wconf 90' lang='lat' dir='ltr'><strong>te</strong></span> <span class='ocrx_word' id='word_1_248' title='bbox 1438 2005 1472 2062; x_wconf 91' lang='lat' dir='ltr'><strong>et</strong></span> <span class='ocrx_word' id='word_1_249' title='bbox 1486 2003 1582 2062; x_wconf 89' lang='lat' dir='ltr'><strong>tuam</strong></span> <span class='ocrx_word' id='word_1_250' title='bbox 1595 1991 1765 2062; x_wconf 79' lang='lat' dir='ltr'><strong>familiam</strong></span> <span class='ocrx_word' id='word_1_251' title='bbox 1783 1993 2014 2080; x_wconf 87' lang='lat' dir='ltr'><strong>incolumem,</strong></span> <span class='ocrx_word' id='word_1_252' title='bbox 2045 2005 2082 2064; x_wconf 90' lang='lat' dir='ltr'><strong>et</strong></span> <span class='ocrx_word' id='word_1_253' title='bbox 2099 2006 2199 2084; x_wconf 87' lang='lat' dir='ltr'><strong>regat</strong></span> <span class='ocrx_word' id='word_1_254' title='bbox 2215 2005 2252 2062; x_wconf 90' lang='lat' dir='ltr'><strong>te</strong></span> 
     </span>
     <span class='ocr_line' id='line_1_19' title="bbox 191 2087 2252 2186; baseline 0.001 -25"><span class='ocrx_word' id='word_1_255' title='bbox 191 2092 349 2184; x_wconf 79' lang='lat' dir='ltr'><strong>&#39;insigni</strong></span> <span class='ocrx_word' id='word_1_256' title='bbox 373 2094 583 2164; x_wconf 89' lang='lat' dir='ltr'><strong>detrimento</strong></span> <span class='ocrx_word' id='word_1_257' title='bbox 603 2093 840 2186; x_wconf 88' lang='lat' dir='ltr'><strong>opitulentur,</strong></span> <span class='ocrx_word' id='word_1_258' title='bbox 870 2105 912 2163; x_wconf 90' lang='lat' dir='ltr'><strong>ut</strong></span> <span class='ocrx_word' id='word_1_259' title='bbox 931 2113 1075 2161; x_wconf 89' lang='lat' dir='ltr'><strong>manere</strong></span> <span class='ocrx_word' id='word_1_260' title='bbox 1095 2087 1207 2157; x_wconf 89' lang='lat' dir='ltr'><strong>socie·</strong></span> <span class='ocrx_word' id='word_1_261' title='bbox 1257 2089 1470 2162; x_wconf 88' lang='lat' dir='ltr'><strong>adsalutem</strong></span> <span class='ocrx_word' id='word_1_262' title='bbox 1490 2089 1670 2164; x_wconf 82' lang='lat' dir='ltr'><strong>Ecclesiae</strong></span> <span class='ocrx_word' id='word_1_263' title='bbox 1694 2107 1728 2166; x_wconf 89' lang='lat' dir='ltr'><strong>et</strong></span> <span class='ocrx_word' id='word_1_264' title='bbox 1752 2107 1861 2171; x_wconf 87' lang='lat' dir='ltr'><strong>tuam.</strong></span> <span class='ocrx_word' id='word_1_265' title='bbox 1917 2091 2016 2165; x_wconf 86' lang='lat' dir='ltr'><strong>Bene</strong></span> <span class='ocrx_word' id='word_1_266' title='bbox 2040 2094 2128 2164; x_wconf 82' lang='lat' dir='ltr'><strong>vale.</strong></span> <span class='ocrx_word' id='word_1_267' title='bbox 2179 2091 2252 2166; x_wconf 85' lang='lat' dir='ltr'><strong>Die</strong></span> 
     </span>
     <span class='ocr_line' id='line_1_20' title="bbox 218 2187 1638 2284; baseline 0.004 -20"><span class='ocrx_word' id='word_1_268' title='bbox 218 2201 272 2264; x_wconf 83' lang='lat' dir='ltr'><strong>ta&#39;s</strong></span> <span class='ocrx_word' id='word_1_269' title='bbox 294 2195 407 2265; x_wconf 84' lang='lat' dir='ltr'><strong>civilis</strong></span> <span class='ocrx_word' id='word_1_270' title='bbox 423 2207 457 2266; x_wconf 88' lang='lat' dir='ltr'><strong>et</strong></span> <span class='ocrx_word' id='word_1_271' title='bbox 472 2195 697 2264; x_wconf 86' lang='lat' dir='ltr'><strong>eeclesiarum</strong></span> <span class='ocrx_word' id='word_1_272' title='bbox 713 2193 916 2265; x_wconf 87' lang='lat' dir='ltr'><strong>coniunctio</strong></span> <span class='ocrx_word' id='word_1_273' title='bbox 931 2191 1052 2284; x_wconf 84' lang='lat' dir='ltr'><strong>possit.</strong></span> <span class='ocrx_word' id='word_1_274' title='bbox 1102 2187 1207 2258; x_wconf 88' lang='lat' dir='ltr'><strong>Nunc</strong></span> <span class='ocrx_word' id='word_1_275' title='bbox 1255 2189 1318 2264; x_wconf 74' lang='lat'><strong>25.</strong></span> <span class='ocrx_word' id='word_1_276' title='bbox 1334 2189 1506 2281; x_wconf 79' lang='lat' dir='ltr'><strong>Augusti,</strong></span> <span class='ocrx_word' id='word_1_277' title='bbox 1528 2191 1638 2270; x_wconf 79' lang='lat'><strong>1544.</strong></span> 
     </span>
    </p>

    <p class='ocr_par' dir='ltr' id='par_1_8' title="bbox 217 2289 2252 2390">
     <span class='ocr_line' id='line_1_21' title="bbox 217 2289 2252 2390; baseline -0 -24"><span class='ocrx_word' id='word_1_278' title='bbox 217 2295 361 2366; x_wconf 84' lang='lat' dir='ltr'><strong>interim</strong></span> <span class='ocrx_word' id='word_1_279' title='bbox 389 2309 535 2388; x_wconf 85' lang='lat' dir='ltr'><strong>propter</strong></span> <span class='ocrx_word' id='word_1_280' title='bbox 548 2291 589 2390; x_wconf 78' lang='lat'><strong>⁸⁸)</strong></span> <span class='ocrx_word' id='word_1_281' title='bbox 622 2291 854 2368; x_wconf 81' lang='lat' dir='ltr'><strong>Ambrosium</strong></span> <span class='ocrx_word' id='word_1_282' title='bbox 876 2294 1012 2367; x_wconf 85' lang='lat' dir='ltr'><strong>Reater</strong></span> <span class='ocrx_word' id='word_1_283' title='bbox 1027 2289 1069 2388; x_wconf 88' lang='lat'><strong>¹⁴)</strong></span> <span class='ocrx_word' id='word_1_284' title='bbox 1100 2292 1144 2360; x_wconf 92' lang='lat' dir='ltr'><strong>ad</strong></span> <span class='ocrx_word' id='word_1_285' title='bbox 1172 2303 1206 2360; x_wconf 88' lang='lat' dir='ltr'><strong>te</strong></span> <span class='ocrx_word' id='word_1_286' title='bbox 1357 2293 1486 2364; x_wconf 89' lang='lat' dir='ltr'><strong>Senem</strong></span> <span class='ocrx_word' id='word_1_287' title='bbox 1502 2297 1743 2366; x_wconf 87' lang='lat' dir='ltr'><strong>venerandum</strong></span> <span class='ocrx_word' id='word_1_288' title='bbox 1758 2309 1904 2388; x_wconf 90' lang='lat' dir='ltr'><strong>propter</strong></span> <span class='ocrx_word' id='word_1_289' title='bbox 1917 2295 2102 2389; x_wconf 88' lang='lat' dir='ltr'><strong>pietatem,</strong></span> <span class='ocrx_word' id='word_1_290' title='bbox 2127 2296 2252 2366; x_wconf 86' lang='lat' dir='ltr'><strong>erudi-</strong></span> 
     </span>
    </p>
   </div>
   <div class='ocr_carea' id='block_1_8' title="bbox 216 2386 2326 2492">
    <p class='ocr_par' dir='ltr' id='par_1_9' title="bbox 216 2386 2326 2492">
     <span class='ocr_line' id='line_1_22' title="bbox 216 2386 2326 2492; baseline 0.002 -25"><span class='ocrx_word' id='word_1_291' title='bbox 216 2397 345 2472; x_wconf 89' lang='lat' dir='ltr'><strong>srribo.</strong></span> <span class='ocrx_word' id='word_1_292' title='bbox 395 2393 622 2492; x_wconf 81' lang='lat' dir='ltr'><strong>Hactenus²‘)</strong></span> <span class='ocrx_word' id='word_1_293' title='bbox 637 2398 793 2490; x_wconf 87' lang='lat' dir='ltr'><strong>privigni</strong></span> <span class='ocrx_word' id='word_1_294' title='bbox 810 2411 846 2468; x_wconf 92' lang='lat' dir='ltr'><strong>et</strong></span> <span class='ocrx_word' id='word_1_295' title='bbox 868 2386 1206 2489; x_wconf 82' lang='lat' dir='ltr'><strong>praeproperatae¹”)</strong></span> <span class='ocrx_word' id='word_1_296' title='bbox 1257 2392 1409 2480; x_wconf 87' lang='lat' dir='ltr'><strong>tionem,</strong></span> <span class='ocrx_word' id='word_1_297' title='bbox 1433 2395 1671 2466; x_wconf 86' lang='lat' dir='ltr'><strong>ministerium</strong></span> <span class='ocrx_word' id='word_1_298' title='bbox 1687 2393 1873 2488; x_wconf 83' lang='lat' dir='ltr'><strong>Evangelii</strong></span> <span class='ocrx_word' id='word_1_299' title='bbox 1888 2412 1922 2470; x_wconf 90' lang='lat' dir='ltr'><strong>et</strong></span> <span class='ocrx_word' id='word_1_300' title='bbox 1938 2398 2121 2490; x_wconf 83' lang='lat' dir='ltr'><strong>pietatem,</strong></span> <span class='ocrx_word' id='word_1_301' title='bbox 2143 2393 2251 2472; x_wconf 86' lang='lat' dir='ltr'><strong>Dum.</strong></span> <span class='ocrx_word' id='word_1_302' title='bbox 2325 2409 2326 2440; x_wconf 68' lang='lat'>¹</span> 
     </span>
    </p>
   </div>
   <div class='ocr_carea' id='block_1_9' title="bbox 214 2487 2251 3104">
    <p class='ocr_par' dir='ltr' id='par_1_10' title="bbox 215 2487 2251 2794">
     <span class='ocr_line' id='line_1_23' title="bbox 215 2487 2251 2591; baseline -0 -22"><span class='ocrx_word' id='word_1_303' title='bbox 215 2490 477 2571; x_wconf 70' lang='lat' dir='ltr'><strong>aedificetiones</strong></span> <span class='ocrx_word' id='word_1_304' title='bbox 500 2521 581 2572; x_wconf 85' lang='lat' dir='ltr'><strong>eum</strong></span> <span class='ocrx_word' id='word_1_305' title='bbox 604 2493 852 2572; x_wconf 82' lang='lat' dir='ltr'><strong>exhauserunt.</strong></span> <span class='ocrx_word' id='word_1_306' title='bbox 910 2495 1014 2569; x_wconf 86' lang='lat' dir='ltr'><strong>Nunc</strong></span> <span class='ocrx_word' id='word_1_307' title='bbox 1036 2496 1206 2564; x_wconf 88' lang='lat' dir='ltr'><strong>liberatus</strong></span> <span class='ocrx_word' id='word_1_308' title='bbox 1256 2487 1476 2566; x_wconf 81' lang='lat' dir='ltr'><strong>Martinam</strong></span> <span class='ocrx_word' id='word_1_309' title='bbox 1488 2493 1558 2586; x_wconf 85' lang='lat'><strong>²⁸),</strong></span> <span class='ocrx_word' id='word_1_310' title='bbox 1584 2497 1864 2570; x_wconf 89' lang='lat' dir='ltr'><strong>Conterraneum</strong></span> <span class='ocrx_word' id='word_1_311' title='bbox 1886 2525 2023 2581; x_wconf 87' lang='lat' dir='ltr'><strong>meum,</strong></span> <span class='ocrx_word' id='word_1_312' title='bbox 2047 2514 2132 2591; x_wconf 92' lang='lat' dir='ltr'><strong>opto</strong></span> <span class='ocrx_word' id='word_1_313' title='bbox 2155 2512 2251 2568; x_wconf 90' lang='lat' dir='ltr'><strong>recte</strong></span> 
     </span>
     <span class='ocr_line' id='line_1_24' title="bbox 215 2595 2251 2692; baseline 0.001 -23"><span class='ocrx_word' id='word_1_314' title='bbox 215 2625 237 2669; x_wconf 89' lang='lat' dir='ltr'><strong>a</strong></span> <span class='ocrx_word' id='word_1_315' title='bbox 251 2601 423 2692; x_wconf 86' lang='lat' dir='ltr'><strong>privignis</strong></span> <span class='ocrx_word' id='word_1_316' title='bbox 436 2600 505 2672; x_wconf 91' lang='lat' dir='ltr'><strong>sibi</strong></span> <span class='ocrx_word' id='word_1_317' title='bbox 519 2615 554 2672; x_wconf 92' lang='lat' dir='ltr'><strong>et</strong></span> <span class='ocrx_word' id='word_1_318' title='bbox 568 2624 651 2672; x_wconf 89' lang='lat' dir='ltr'><strong>suae</strong></span> <span class='ocrx_word' id='word_1_319' title='bbox 667 2601 809 2692; x_wconf 85' lang='lat' dir='ltr'><strong>coniugi</strong></span> <span class='ocrx_word' id='word_1_320' title='bbox 833 2595 1099 2670; x_wconf 86' lang='lat' dir='ltr'><strong>honestissimae</strong></span> <span class='ocrx_word' id='word_1_321' title='bbox 1119 2617 1206 2666; x_wconf 89' lang='lat' dir='ltr'><strong>con·</strong></span> <span class='ocrx_word' id='word_1_322' title='bbox 1257 2597 1373 2668; x_wconf 88' lang='lat' dir='ltr'><strong>valere</strong></span> <span class='ocrx_word' id='word_1_323' title='bbox 1390 2601 1753 2672; x_wconf 83' lang='lat' dir='ltr'><strong>etdiutiusvivereet</strong></span> <span class='ocrx_word' id='word_1_324' title='bbox 1769 2600 1902 2670; x_wconf 80' lang='lat' dir='ltr'><strong>servite</strong></span> <span class='ocrx_word' id='word_1_325' title='bbox 1916 2597 2105 2676; x_wconf 82' lang='lat' dir='ltr'><strong>Ecclesiae.</strong></span> <span class='ocrx_word' id='word_1_326' title='bbox 2147 2595 2251 2692; x_wconf 89' lang='lat' dir='ltr'><strong>Opto</strong></span> 
     </span>
     <span class='ocr_line' id='line_1_25' title="bbox 217 2695 2049 2794; baseline 0.001 -23"><span class='ocrx_word' id='word_1_327' title='bbox 217 2702 332 2773; x_wconf 87' lang='lat' dir='ltr'><strong>solere</strong></span> <span class='ocrx_word' id='word_1_328' title='bbox 348 2703 465 2794; x_wconf 83' lang='lat' dir='ltr'><strong>cupit,&#39;</strong></span> <span class='ocrx_word' id='word_1_329' title='bbox 490 2716 526 2774; x_wconf 92' lang='lat' dir='ltr'><strong>et</strong></span> <span class='ocrx_word' id='word_1_330' title='bbox 542 2703 724 2774; x_wconf 85' lang='lat' dir='ltr'><strong>aedificare</strong></span> <span class='ocrx_word' id='word_1_331' title='bbox 740 2703 854 2778; x_wconf 81' lang='lat' dir='ltr'><strong>desiit.</strong></span> <span class='ocrx_word' id='word_1_332' title='bbox 903 2699 1063 2794; x_wconf 89' lang='lat' dir='ltr'><strong>Cumque</strong></span> <span class='ocrx_word' id='word_1_333' title='bbox 1078 2700 1206 2770; x_wconf 90' lang='lat' dir='ltr'><strong>domus</strong></span> <span class='ocrx_word' id='word_1_334' title='bbox 1256 2711 1291 2772; x_wconf 89' lang='lat' dir='ltr'><strong>et</strong></span> <span class='ocrx_word' id='word_1_335' title='bbox 1303 2700 1452 2772; x_wconf 88' lang='lat' dir='ltr'><strong>salutem</strong></span> <span class='ocrx_word' id='word_1_336' title='bbox 1462 2701 1694 2792; x_wconf 85' lang='lat' dir='ltr'><strong>gubernatori</strong></span> <span class='ocrx_word' id='word_1_337' title='bbox 1706 2695 1847 2772; x_wconf 91' lang='lat' dir='ltr'><strong>scholae</strong></span> <span class='ocrx_word' id='word_1_338' title='bbox 1860 2702 2049 2774; x_wconf 84' lang='lat' dir='ltr'><strong>literariae.</strong></span> 
     </span>
    </p>

    <p class='ocr_par' dir='ltr' id='par_1_11' title="bbox 216 2801 1204 2897">
     <span class='ocr_line' id='line_1_26' title="bbox 216 2801 1204 2897; baseline -0.004 -26"><span class='ocrx_word' id='word_1_339' title='bbox 216 2801 250 2872; x_wconf 92' lang='lat' dir='ltr'><strong>ei</strong></span> <span class='ocrx_word' id='word_1_340' title='bbox 272 2805 451 2874; x_wconf 85' lang='lat' dir='ltr'><strong>fructuosa</strong></span> <span class='ocrx_word' id='word_1_341' title='bbox 476 2827 548 2874; x_wconf 89' lang='lat' dir='ltr'><strong>esse</strong></span> <span class='ocrx_word' id='word_1_342' title='bbox 569 2804 680 2897; x_wconf 86' lang='lat' dir='ltr'><strong>possit</strong></span> <span class='ocrx_word' id='word_1_343' title='bbox 700 2805 805 2874; x_wconf 90' lang='lat' dir='ltr'><strong>etiam</strong></span> <span class='ocrx_word' id='word_1_344' title='bbox 830 2803 1108 2892; x_wconf 88' lang='lat' dir='ltr'><strong>negociationem</strong></span> <span class='ocrx_word' id='word_1_345' title='bbox 1129 2822 1204 2868; x_wconf 88' lang='lat' dir='ltr'><strong>me-</strong></span> 
     </span>
    </p>

    <p class='ocr_par' dir='ltr' id='par_1_12' title="bbox 215 2897 1205 2998">
     <span class='ocr_line' id='line_1_27' title="bbox 215 2897 1205 2998; baseline -0.005 -24"><span class='ocrx_word' id='word_1_346' title='bbox 215 2903 372 2975; x_wconf 89' lang='lat' dir='ltr'><strong>diocrem</strong></span> <span class='ocrx_word' id='word_1_347' title='bbox 394 2905 578 2976; x_wconf 83' lang='lat' dir='ltr'><strong>instituere</strong></span> <span class='ocrx_word' id='word_1_348' title='bbox 600 2905 708 2998; x_wconf 73' lang='lat' dir='ltr'><strong>cupit.</strong></span> <span class='ocrx_word' id='word_1_349' title='bbox 764 2903 834 2977; x_wconf 90' lang='lat' dir='ltr'><strong>Sed</strong></span> <span class='ocrx_word' id='word_1_350' title='bbox 856 2907 901 2974; x_wconf 92' lang='lat' dir='ltr'><strong>ad</strong></span> <span class='ocrx_word' id='word_1_351' title='bbox 927 2897 1018 2974; x_wconf 87' lang='lat' dir='ltr'><strong>hanc</strong></span> <span class='ocrx_word' id='word_1_352' title='bbox 1041 2925 1130 2994; x_wconf 90' lang='lat' dir='ltr'><strong>opus</strong></span> <span class='ocrx_word' id='word_1_353' title='bbox 1152 2913 1205 2970; x_wconf 91' lang='lat' dir='ltr'><strong>est</strong></span> 
     </span>
    </p>

    <p class='ocr_par' dir='ltr' id='par_1_13' title="bbox 214 3001 1202 3104">
     <span class='ocr_line' id='line_1_28' title="bbox 214 3001 1202 3104; baseline -0.004 -30"><span class='ocrx_word' id='word_1_354' title='bbox 214 3006 248 3074; x_wconf 90' lang='lat' dir='ltr'><strong>ei</strong></span> <span class='ocrx_word' id='word_1_355' title='bbox 277 3001 473 3104; x_wconf 83' lang='lat' dir='ltr'><strong>auxilio¹²),</strong></span> <span class='ocrx_word' id='word_1_356' title='bbox 515 3019 554 3078; x_wconf 91' lang='lat' dir='ltr'><strong>ut</strong></span> <span class='ocrx_word' id='word_1_357' title='bbox 585 3021 688 3078; x_wconf 91' lang='lat' dir='ltr'><strong>antea</strong></span> <span class='ocrx_word' id='word_1_358' title='bbox 711 3001 943 3076; x_wconf 78' lang='lat' dir='ltr'><strong>Mamilium</strong></span> <span class='ocrx_word' id='word_1_359' title='bbox 970 3003 1202 3096; x_wconf 84' lang='lat' dir='ltr'><strong>bibliopolam</strong></span> 
     </span>
    </p>
   </div>
   <div class='ocr_carea' id='block_1_10' title="bbox 162 3101 2327 3302">
    <p class='ocr_par' dir='ltr' id='par_1_14' title="bbox 162 3101 2327 3302">
     <span class='ocr_line' id='line_1_29' title="bbox 162 3101 2327 3218; baseline -0.005 -42"><span class='ocrx_word' id='word_1_360' title='bbox 162 3204 166 3212; x_wconf 41' lang='lat'><strong>,</strong></span> <span class='ocrx_word' id='word_1_361' title='bbox 214 3119 375 3178; x_wconf 88' lang='lat' dir='ltr'><strong>nostrum</strong></span> <span class='ocrx_word' id='word_1_362' title='bbox 398 3122 512 3178; x_wconf 91' lang='lat' dir='ltr'><strong>tecum</strong></span> <span class='ocrx_word' id='word_1_363' title='bbox 533 3110 691 3179; x_wconf 89' lang='lat' dir='ltr'><strong>locutum</strong></span> <span class='ocrx_word' id='word_1_364' title='bbox 714 3132 788 3179; x_wconf 90' lang='lat' dir='ltr'><strong>esse</strong></span> <span class='ocrx_word' id='word_1_365' title='bbox 810 3109 964 3178; x_wconf 85' lang='lat' dir='ltr'><strong>arbitror</strong></span> <span class='ocrx_word' id='word_1_366' title='bbox 975 3101 1022 3202; x_wconf 67' lang='lat'><strong>¹⁸).</strong></span> <span class='ocrx_word' id='word_1_367' title='bbox 1079 3103 1148 3174; x_wconf 88' lang='lat' dir='ltr'><strong>Hic</strong></span> <span class='ocrx_word' id='word_1_368' title='bbox 1169 3116 1202 3173; x_wconf 90' lang='lat' dir='ltr'><strong>te</strong></span> <span class='ocrx_word' id='word_1_369' title='bbox 1254 3131 1319 3203; x_wconf 48' lang='lat' dir='ltr'><strong>No·</strong></span> <span class='ocrx_word' id='word_1_370' title='bbox 1334 3131 1447 3202; x_wconf 79' lang='lat' dir='ltr'><strong>soto.</strong></span> <span class='ocrx_word' id='word_1_371' title='bbox 2086 3141 2146 3206; x_wconf 77' lang='lat'><strong>2⁵.</strong></span> <span class='ocrx_word' id='word_1_372' title='bbox 2164 3139 2248 3218; x_wconf 78' lang='lat' dir='ltr'><strong>Aug.</strong></span> <span class='ocrx_word' id='word_1_373' title='bbox 2326 3123 2327 3190; x_wconf 53' lang='lat' dir='ltr'><strong>t</strong></span> 
     </span>
     <span class='ocr_line' id='line_1_30' title="bbox 213 3205 2327 3302; baseline -0.008 -24"><span class='ocrx_word' id='word_1_374' title='bbox 213 3224 357 3301; x_wconf 91' lang='lat' dir='ltr'><strong>propter</strong></span> <span class='ocrx_word' id='word_1_375' title='bbox 377 3207 515 3292; x_wconf 89' lang='lat' dir='ltr'><strong>Deum,</strong></span> <span class='ocrx_word' id='word_1_376' title='bbox 554 3223 735 3281; x_wconf 90' lang='lat' dir='ltr'><strong>aeternum</strong></span> <span class='ocrx_word' id='word_1_377' title='bbox 763 3225 897 3302; x_wconf 89' lang='lat' dir='ltr'><strong>patrem</strong></span> <span class='ocrx_word' id='word_1_378' title='bbox 923 3207 1060 3278; x_wconf 92' lang='lat' dir='ltr'><strong>domini</strong></span> <span class='ocrx_word' id='word_1_379' title='bbox 1090 3205 1203 3276; x_wconf 89' lang='lat' dir='ltr'><strong>nostri</strong></span> <span class='ocrx_word' id='word_1_380' title='bbox 1262 3229 1433 3260; x_wconf 57' lang='lat' dir='ltr'><strong>*ov-»0</strong></span> <span class='ocrx_word' id='word_1_381' title='bbox 2090 3235 2231 3265; x_wconf 61' lang='lat' dir='ltr'><strong>..as-.-</strong></span> <span class='ocrx_word' id='word_1_382' title='bbox 2326 3233 2327 3262; x_wconf 82' lang='lat' dir='ltr'><strong>t</strong></span> 
     </span>
    </p>
   </div>
   <div class='ocr_carea' id='block_1_11' title="bbox 213 3307 1893 3403">
    <p class='ocr_par' dir='ltr' id='par_1_15' title="bbox 213 3307 1893 3403">
     <span class='ocr_line' id='line_1_31' title="bbox 213 3307 1893 3403; baseline 0.004 -25"><span class='ocrx_word' id='word_1_383' title='bbox 213 3307 293 3378; x_wconf 91' lang='lat' dir='ltr'><strong>lesu</strong></span> <span class='ocrx_word' id='word_1_384' title='bbox 308 3307 461 3396; x_wconf 86' lang='lat' dir='ltr'><strong>Christi,</strong></span> <span class='ocrx_word' id='word_1_385' title='bbox 492 3311 554 3403; x_wconf 90' lang='lat' dir='ltr'><strong>qui</strong></span> <span class='ocrx_word' id='word_1_386' title='bbox 575 3315 736 3381; x_wconf 91' lang='lat' dir='ltr'><strong>omnium</strong></span> <span class='ocrx_word' id='word_1_387' title='bbox 758 3311 882 3381; x_wconf 84' lang='lat' dir='ltr'><strong>officiis</strong></span> <span class='ocrx_word' id='word_1_388' title='bbox 904 3333 1127 3378; x_wconf 88' lang='lat' dir='ltr'><strong>communem</strong></span> <span class='ocrx_word' id='word_1_389' title='bbox 1146 3333 1203 3377; x_wconf 91' lang='lat' dir='ltr'><strong>so·</strong></span> <span class='ocrx_word' id='word_1_390' title='bbox 1608 3311 1665 3396; x_wconf 87' lang='grc' dir='ltr'><strong>Ν,</strong></span> <span class='ocrx_word' id='word_1_391' title='bbox 1688 3311 1893 3398; x_wconf 78' lang='lat' dir='ltr'><strong>Medlero,</strong></span> 
     </span>
    </p>
   </div>
   <div class='ocr_carea' id='block_1_12' title="bbox 213 3407 1202 3502">
    <p class='ocr_par' dir='ltr' id='par_1_16' title="bbox 213 3407 1202 3502">
     <span class='ocr_line' id='line_1_32' title="bbox 213 3407 1202 3502; baseline -0.002 -22"><span class='ocrx_word' id='word_1_392' title='bbox 213 3410 372 3482; x_wconf 72' lang='lat' dir='ltr'><strong>rietatem</strong></span> <span class='ocrx_word' id='word_1_393' title='bbox 387 3412 503 3482; x_wconf 89' lang='lat' dir='ltr'><strong>iuvari</strong></span> <span class='ocrx_word' id='word_1_394' title='bbox 518 3411 613 3497; x_wconf 87' lang='lat' dir='ltr'><strong>vult,</strong></span> <span class='ocrx_word' id='word_1_395' title='bbox 635 3425 677 3490; x_wconf 86' lang='lat' dir='ltr'><strong>ut</strong></span> <span class='ocrx_word' id='word_1_396' title='bbox 691 3425 856 3482; x_wconf 86' lang='lat' dir='ltr'><strong>maneant</strong></span> <span class='ocrx_word' id='word_1_397' title='bbox 873 3411 1016 3502; x_wconf 89' lang='lat' dir='ltr'><strong>politiae</strong></span> <span class='ocrx_word' id='word_1_398' title='bbox 1030 3424 1066 3482; x_wconf 94' lang='lat' dir='ltr'><strong>et</strong></span> <span class='ocrx_word' id='word_1_399' title='bbox 1079 3407 1202 3480; x_wconf 85' lang='lat' dir='ltr'><strong>Eccle-</strong></span> 
     </span>
    </p>
   </div>
   <div class='ocr_carea' id='block_1_13' title="bbox 213 3487 2248 3632">
    <p class='ocr_par' dir='ltr' id='par_1_17' title="bbox 213 3487 2248 3632">
     <span class='ocr_line' id='line_1_33' title="bbox 213 3487 2248 3632; baseline -0.002 -52"><span class='ocrx_word' id='word_1_400' title='bbox 213 3512 296 3598; x_wconf 89' lang='lat' dir='ltr'><strong>siae,</strong></span> <span class='ocrx_word' id='word_1_401' title='bbox 322 3514 360 3612; x_wconf 92' lang='lat' dir='ltr'><strong>in</strong></span> <span class='ocrx_word' id='word_1_402' title='bbox 377 3513 610 3607; x_wconf 88' lang='lat' dir='ltr'><strong>quihusDeus</strong></span> <span class='ocrx_word' id='word_1_403' title='bbox 626 3513 834 3599; x_wconf 87' lang='lat' dir='ltr'><strong>celebretur,</strong></span> <span class='ocrx_word' id='word_1_404' title='bbox 856 3537 933 3598; x_wconf 89' lang='lat' dir='ltr'><strong>oro,</strong></span> <span class='ocrx_word' id='word_1_405' title='bbox 959 3523 1000 3581; x_wconf 90' lang='lat' dir='ltr'><strong>nt</strong></span> <span class='ocrx_word' id='word_1_406' title='bbox 1009 3507 1203 3580; x_wconf 77' lang='lat' dir='ltr'><strong>Ambrosio</strong></span> <span class='ocrx_word' id='word_1_407' title='bbox 1321 3487 2126 3632; x_wconf 38' lang='lat' dir='ltr'><strong>Effffissisfflssffifhffigffile&#39;hffqufffiufffi&#39;}</strong></span> <span class='ocrx_word' id='word_1_408' title='bbox 2146 3493 2248 3615; x_wconf 34' lang='lat'><strong>:53¹3</strong></span> 
     </span>
    </p>
   </div>
   <div class='ocr_carea' id='block_1_14' title="bbox 212 3611 2183 3804">
    <p class='ocr_par' dir='ltr' id='par_1_18' title="bbox 212 3611 2183 3804">
     <span class='ocr_line' id='line_1_34' title="bbox 213 3611 2183 3712; baseline -0.004 -29"><span class='ocrx_word' id='word_1_409' title='bbox 213 3613 274 3683; x_wconf 92' lang='lat' dir='ltr'><strong>des</strong></span> <span class='ocrx_word' id='word_1_410' title='bbox 299 3627 423 3685; x_wconf 87' lang='lat' dir='ltr'><strong>mutuo</strong></span> <span class='ocrx_word' id='word_1_411' title='bbox 453 3615 609 3710; x_wconf 87' lang='lat' dir='ltr'><strong>aliquam</strong></span> <span class='ocrx_word' id='word_1_412' title='bbox 634 3611 840 3708; x_wconf 87' lang='lat' dir='ltr'><strong>pecuniam,</strong></span> <span class='ocrx_word' id='word_1_413' title='bbox 880 3617 925 3684; x_wconf 90' lang='lat' dir='ltr'><strong>ad</strong></span> <span class='ocrx_word' id='word_1_414' title='bbox 948 3613 1199 3684; x_wconf 88' lang='lat' dir='ltr'><strong>instituendam</strong></span> <span class='ocrx_word' id='word_1_415' title='bbox 1357 3650 1408 3712; x_wconf 53' lang='lat' dir='ltr'><strong>paq</strong></span> <span class='ocrx_word' id='word_1_416' title='bbox 1418 3651 1433 3684; x_wconf 72' lang='lat' dir='ltr'>n</span> <span class='ocrx_word' id='word_1_417' title='bbox 1447 3631 1552 3683; x_wconf 63' lang='lat' dir='ltr'><strong>hendo</strong></span> <span class='ocrx_word' id='word_1_418' title='bbox 1564 3647 1607 3700; x_wconf 74' lang='lat' dir='ltr'><strong>ep.</strong></span> <span class='ocrx_word' id='word_1_419' title='bbox 1619 3627 1663 3683; x_wconf 74' lang='lat' dir='ltr'><strong>ss.</strong></span> <span class='ocrx_word' id='word_1_420' title='bbox 1676 3629 1757 3684; x_wconf 72' lang='lat' dir='ltr'><strong>otiu.</strong></span> <span class='ocrx_word' id='word_1_421' title='bbox 1792 3627 1873 3683; x_wconf 72' lang='grc' dir='ltr'><strong>Νιιιιο</strong></span> <span class='ocrx_word' id='word_1_422' title='bbox 1891 3647 1920 3683; x_wconf 77' lang='lat' dir='ltr'><strong>ex</strong></span> <span class='ocrx_word' id='word_1_423' title='bbox 1940 3627 2001 3684; x_wconf 79' lang='lat' dir='ltr'><strong>eod.</strong></span> <span class='ocrx_word' id='word_1_424' title='bbox 2014 3629 2077 3686; x_wconf 71' lang='lat' dir='ltr'><strong>eoa.</strong></span> <span class='ocrx_word' id='word_1_425' title='bbox 2093 3629 2183 3684; x_wconf 72' lang='lat' dir='ltr'><strong>tenos</strong></span> 
     </span>
     <span class='ocr_line' id='line_1_35' title="bbox 212 3708 1466 3804; baseline -0.01 -17"><span class='ocrx_word' id='word_1_426' title='bbox 212 3716 504 3804; x_wconf 84' lang='lat' dir='ltr'><strong>negociationem.</strong></span> <span class='ocrx_word' id='word_1_427' title='bbox 564 3708 671 3804; x_wconf 87' lang='lat' dir='ltr'><strong>Quod</strong></span> <span class='ocrx_word' id='word_1_428' title='bbox 692 3729 734 3787; x_wconf 91' lang='lat' dir='ltr'><strong>ut</strong></span> <span class='ocrx_word' id='word_1_429' title='bbox 755 3718 830 3786; x_wconf 91' lang='lat' dir='ltr'><strong>sine</strong></span> <span class='ocrx_word' id='word_1_430' title='bbox 852 3718 981 3785; x_wconf 89' lang='lat' dir='ltr'><strong>damno</strong></span> <span class='ocrx_word' id='word_1_431' title='bbox 1002 3716 1078 3798; x_wconf 84' lang='lat' dir='ltr'><strong>fiat,</strong></span> <span class='ocrx_word' id='word_1_432' title='bbox 1110 3713 1201 3783; x_wconf 91' lang='lat' dir='ltr'><strong>ratio</strong></span> <span class='ocrx_word' id='word_1_433' title='bbox 1355 3709 1466 3770; x_wconf 58' lang='lat' dir='ltr'><strong>“ft&#39;’-</strong></span> 
     </span>
    </p>
   </div>
   <div class='ocr_carea' id='block_1_15' title="bbox 212 3809 2102 3928">
    <p class='ocr_par' dir='ltr' id='par_1_19' title="bbox 212 3809 2102 3928">
     <span class='ocr_line' id='line_1_36' title="bbox 212 3809 2102 3928; baseline 0.004 -44"><span class='ocrx_word' id='word_1_434' title='bbox 212 3817 369 3888; x_wconf 89' lang='lat' dir='ltr'><strong>ineunda</strong></span> <span class='ocrx_word' id='word_1_435' title='bbox 393 3809 541 3914; x_wconf 76' lang='lat' dir='ltr'><strong>erit¹&#39;).‘</strong></span> <span class='ocrx_word' id='word_1_436' title='bbox 581 3815 743 3888; x_wconf 89' lang='lat' dir='ltr'><strong>Primum</strong></span> <span class='ocrx_word' id='word_1_437' title='bbox 773 3830 891 3889; x_wconf 85' lang='lat' dir='ltr'><strong>eutem</strong></span> <span class='ocrx_word' id='word_1_438' title='bbox 921 3815 991 3888; x_wconf 91' lang='lat' dir='ltr'><strong>Dei</strong></span> <span class='ocrx_word' id='word_1_439' title='bbox 1021 3815 1202 3889; x_wconf 81' lang='lat' dir='ltr'><strong>voluntate</strong></span> <span class='ocrx_word' id='word_1_440' title='bbox 1394 3851 1487 3928; x_wconf 48' lang='lat' dir='ltr'><strong>Dm·</strong></span> <span class='ocrx_word' id='word_1_441' title='bbox 1511 3849 1623 3926; x_wconf 51' lang='lat' dir='ltr'><strong>Dm·</strong></span> <span class='ocrx_word' id='word_1_442' title='bbox 1647 3847 1856 3927; x_wconf 59' lang='lat' dir='ltr'><strong>mmm</strong></span> <span class='ocrx_word' id='word_1_443' title='bbox 1878 3847 2102 3928; x_wconf 50' lang='lat' dir='ltr'><em>Medum·</em></span> 
     </span>
    </p>
   </div>
   <div class='ocr_carea' id='block_1_16' title="bbox 209 3966 2247 4282">
    <p class='ocr_par' dir='ltr' id='par_1_20' title="bbox 209 3966 2247 4282">
     <span class='ocr_line' id='line_1_37' title="bbox 209 3966 2247 4080; baseline -0 -23"><span class='ocrx_word' id='word_1_444' title='bbox 209 4003 434 4025; x_wconf 75' lang='grc'><em>“·’“··-·-···</em></span> <span class='ocrx_word' id='word_1_445' title='bbox 1142 4053 1146 4060; x_wconf 87' lang='grc'><strong>,</strong></span> <span class='ocrx_word' id='word_1_446' title='bbox 1252 3966 1297 4058; x_wconf 81' lang='lat' dir='ltr'><strong>S·</strong></span> <span class='ocrx_word' id='word_1_447' title='bbox 1321 3989 1368 4064; x_wconf 88' lang='lat' dir='ltr'><strong>D.</strong></span> <span class='ocrx_word' id='word_1_448' title='bbox 1426 3985 1692 4071; x_wconf 88' lang='lat' dir='ltr'><strong>Animadverti,</strong></span> <span class='ocrx_word' id='word_1_449' title='bbox 1737 3983 2015 4056; x_wconf 87' lang='lat' dir='ltr'><strong>illustrissimum</strong></span> <span class='ocrx_word' id='word_1_450' title='bbox 2050 3984 2247 4080; x_wconf 83' lang='lat' dir='ltr'><strong>principem</strong></span> 
     </span>
     <span class='ocr_line' id='line_1_38' title="bbox 246 4083 2247 4188; baseline -0 -28"><span class='ocrx_word' id='word_1_451' title='bbox 246 4097 642 4188; x_wconf 61' lang='lat' dir='ltr'><strong>aq&#39;,130,2,·„‚„g21q,„„</strong></span> <span class='ocrx_word' id='word_1_452' title='bbox 652 4123 695 4179; x_wconf 59' lang='grc' dir='ltr'><strong>Β),</strong></span> <span class='ocrx_word' id='word_1_453' title='bbox 710 4141 767 4177; x_wconf 76' lang='lat' dir='ltr'><strong>non</strong></span> <span class='ocrx_word' id='word_1_454' title='bbox 780 4121 870 4178; x_wconf 50' lang='lat' dir='ltr'><strong>hm„</strong></span> <span class='ocrx_word' id='word_1_455' title='bbox 1253 4091 1442 4160; x_wconf 89' lang='lat' dir='ltr'><strong>clementer</strong></span> <span class='ocrx_word' id='word_1_456' title='bbox 1459 4091 1502 4158; x_wconf 92' lang='lat' dir='ltr'><strong>de</strong></span> <span class='ocrx_word' id='word_1_457' title='bbox 1520 4103 1555 4160; x_wconf 90' lang='lat' dir='ltr'><strong>te</strong></span> <span class='ocrx_word' id='word_1_458' title='bbox 1569 4087 1710 4160; x_wconf 89' lang='lat' dir='ltr'><strong>sentire.</strong></span> <span class='ocrx_word' id='word_1_459' title='bbox 1759 4083 1808 4158; x_wconf 78' lang='lat' dir='ltr'><strong>Et</strong></span> <span class='ocrx_word' id='word_1_460' title='bbox 1828 4085 1986 4158; x_wconf 86' lang='lat' dir='ltr'><strong>lortassis</strong></span> <span class='ocrx_word' id='word_1_461' title='bbox 2006 4086 2069 4156; x_wconf 86' lang='lat' dir='ltr'><strong>ubi</strong></span> <span class='ocrx_word' id='word_1_462' title='bbox 2092 4089 2247 4160; x_wconf 87' lang='lat' dir='ltr'><strong>audierit</strong></span> 
     </span>
     <span class='ocr_line' id='line_1_39' title="bbox 244 4187 2246 4282; baseline 0.002 -26"><span class='ocrx_word' id='word_1_463' title='bbox 244 4201 442 4272; x_wconf 68' lang='lat' dir='ltr'><strong>Dpropterea</strong></span> <span class='ocrx_word' id='word_1_464' title='bbox 460 4210 600 4274; x_wconf 81' lang='lat' dir='ltr'><strong>quodete.</strong></span> <span class='ocrx_word' id='word_1_465' title='bbox 619 4224 674 4258; x_wconf 90' lang='grc' dir='ltr'><strong>ιιοιι</strong></span> <span class='ocrx_word' id='word_1_466' title='bbox 698 4203 826 4274; x_wconf 80' lang='lat' dir='ltr'><strong>leguntur</strong></span> <span class='ocrx_word' id='word_1_467' title='bbox 843 4203 872 4259; x_wconf 88' lang='lat' dir='ltr'><strong>in</strong></span> <span class='ocrx_word' id='word_1_468' title='bbox 891 4206 1078 4264; x_wconf 74' lang='lat' dir='ltr'><strong>eodMonse.</strong></span> <span class='ocrx_word' id='word_1_469' title='bbox 1091 4207 1152 4280; x_wconf 76' lang='grc'><strong>88,</strong></span> <span class='ocrx_word' id='word_1_470' title='bbox 1175 4220 1201 4265; x_wconf 85' lang='lat' dir='ltr'><strong>et</strong></span> <span class='ocrx_word' id='word_1_471' title='bbox 1252 4190 1525 4275; x_wconf 71' lang='lat' dir='ltr'><strong>conirovel&#39;sltls‚</strong></span> <span class='ocrx_word' id='word_1_472' title='bbox 1557 4211 1647 4282; x_wconf 68' lang='lat' dir='ltr'><strong>quae</strong></span> <span class='ocrx_word' id='word_1_473' title='bbox 1668 4188 1734 4260; x_wconf 77' lang='lat' dir='ltr'><strong>ilbi</strong></span> <span class='ocrx_word' id='word_1_474' title='bbox 1754 4202 1838 4257; x_wconf 78' lang='lat' dir='ltr'><strong>suni</strong></span> <span class='ocrx_word' id='word_1_475' title='bbox 1857 4211 1937 4258; x_wconf 82' lang='lat' dir='ltr'><strong>tum</strong></span> <span class='ocrx_word' id='word_1_476' title='bbox 1962 4187 2121 4273; x_wconf 68' lang='lat' dir='ltr'><strong>civibus,</strong></span> <span class='ocrx_word' id='word_1_477' title='bbox 2151 4192 2246 4260; x_wconf 74' lang='lat' dir='ltr'><strong>volti</strong></span> 
     </span>
    </p>
   </div>
   <div class='ocr_carea' id='block_1_17' title="bbox 244 4273 2245 4417">
    <p class='ocr_par' dir='ltr' id='par_1_21' title="bbox 244 4273 2245 4417">
     <span class='ocr_line' id='line_1_40' title="bbox 244 4273 2245 4417; baseline 0.023 -101"><span class='ocrx_word' id='word_1_478' title='bbox 244 4273 763 4417; x_wconf 47' lang='lat' dir='ltr'><strong>⁸,qqffiqapeqqqqmqqqrur.</strong></span> <span class='ocrx_word' id='word_1_479' title='bbox 1252 4306 1286 4363; x_wconf 92' lang='lat' dir='ltr'><strong>te</strong></span> <span class='ocrx_word' id='word_1_480' title='bbox 1301 4317 1457 4379; x_wconf 84' lang='lat' dir='ltr'><strong>manere3</strong></span> <span class='ocrx_word' id='word_1_481' title='bbox 1490 4291 1586 4385; x_wconf 91' lang='lat' dir='ltr'><strong>quod</strong></span> <span class='ocrx_word' id='word_1_482' title='bbox 1609 4290 1640 4360; x_wconf 89' lang='lat' dir='ltr'><strong>si</strong></span> <span class='ocrx_word' id='word_1_483' title='bbox 1663 4301 1772 4381; x_wconf 89' lang='lat' dir='ltr'><strong>petet,</strong></span> <span class='ocrx_word' id='word_1_484' title='bbox 1802 4289 2072 4359; x_wconf 86' lang='lat' dir='ltr'><strong>deliberandum</strong></span> <span class='ocrx_word' id='word_1_485' title='bbox 2087 4290 2153 4360; x_wconf 91' lang='lat' dir='ltr'><strong>tibi</strong></span> <span class='ocrx_word' id='word_1_486' title='bbox 2170 4293 2245 4378; x_wconf 90' lang='lat' dir='ltr'><strong>erit,</strong></span> 
     </span>
    </p>
   </div>
   <div class='ocr_carea' id='block_1_18' title="bbox 245 4385 2243 4682">
    <p class='ocr_par' dir='ltr' id='par_1_22' title="bbox 245 4385 2243 4682">
     <span class='ocr_line' id='line_1_41' title="bbox 245 4385 2243 4516; baseline 0.003 -18"><span class='ocrx_word' id='word_1_487' title='bbox 245 4441 362 4506; x_wconf 71' lang='grc'><strong>91001.</strong></span> <span class='ocrx_word' id='word_1_488' title='bbox 375 4443 457 4504; x_wconf 81' lang='lat' dir='ltr'><strong>Goth.</strong></span> <span class='ocrx_word' id='word_1_489' title='bbox 474 4443 531 4502; x_wconf 80' lang='lat'><strong>191.</strong></span> <span class='ocrx_word' id='word_1_490' title='bbox 546 4462 596 4516; x_wconf 87' lang='lat' dir='ltr'><strong>pro</strong></span> <span class='ocrx_word' id='word_1_491' title='bbox 613 4443 728 4498; x_wconf 72' lang='lat' dir='ltr'><strong>nomine</strong></span> <span class='ocrx_word' id='word_1_492' title='bbox 741 4443 820 4500; x_wconf 82' lang='lat' dir='ltr'><strong>hehel</strong></span> <span class='ocrx_word' id='word_1_493' title='bbox 834 4453 956 4500; x_wconf 78' lang='lat' dir='ltr'><strong>laulnmt</strong></span> <span class='ocrx_word' id='word_1_494' title='bbox 976 4443 1013 4504; x_wconf 69' lang='grc' dir='ltr'><strong>Νι</strong></span> <span class='ocrx_word' id='word_1_495' title='bbox 1252 4395 1339 4488; x_wconf 72' lang='lat' dir='ltr'><strong>quid</strong></span> <span class='ocrx_word' id='word_1_496' title='bbox 1360 4415 1594 4487; x_wconf 51' lang='lat' dir='ltr'><strong>mpomums</strong></span> <span class='ocrx_word' id='word_1_497' title='bbox 1614 4391 1674 4466; x_wconf 41' lang='lat' dir='ltr'><strong>si&amp;</strong></span> <span class='ocrx_word' id='word_1_498' title='bbox 1729 4386 1806 4482; x_wconf 58' lang='lat' dir='ltr'><strong>Ego</strong></span> <span class='ocrx_word' id='word_1_499' title='bbox 1826 4385 1918 4460; x_wconf 64' lang='lat' dir='ltr'><strong>mihi</strong></span> <span class='ocrx_word' id='word_1_500' title='bbox 1941 4385 2036 4460; x_wconf 60' lang='lat' dir='ltr'><strong>niba</strong></span> <span class='ocrx_word' id='word_1_501' title='bbox 2061 4389 2151 4462; x_wconf 62' lang='lat' dir='ltr'><strong>imis</strong></span> <span class='ocrx_word' id='word_1_502' title='bbox 2182 4417 2243 4464; x_wconf 59' lang='grc' dir='ltr'><strong>Μ</strong></span> 
     </span>
     <span class='ocr_line' id='line_1_42' title="bbox 245 4525 943 4596; baseline 0.001 -14"><span class='ocrx_word' id='word_1_503' title='bbox 245 4527 289 4594; x_wconf 89' lang='grc'><strong>10)</strong></span> <span class='ocrx_word' id='word_1_504' title='bbox 308 4537 372 4582; x_wconf 80' lang='lat' dir='ltr'><strong>tune</strong></span> <span class='ocrx_word' id='word_1_505' title='bbox 383 4533 529 4596; x_wconf 67' lang='grc' dir='ltr'><strong>σόιὶιυὺιι]</strong></span> <span class='ocrx_word' id='word_1_506' title='bbox 541 4527 604 4586; x_wconf 85' lang='lat' dir='ltr'><strong>cod.</strong></span> <span class='ocrx_word' id='word_1_507' title='bbox 616 4525 703 4584; x_wconf 90' lang='lat' dir='ltr'><strong>Goth.</strong></span> <span class='ocrx_word' id='word_1_508' title='bbox 718 4529 778 4584; x_wconf 82' lang='grc'><strong>191.</strong></span> <span class='ocrx_word' id='word_1_509' title='bbox 789 4530 943 4584; x_wconf 77' lang='lat' dir='ltr'><strong>admisisti.</strong></span> 
     </span>
     <span class='ocr_line' id='line_1_43' title="bbox 245 4610 1008 4682; baseline 0.008 -16"><span class='ocrx_word' id='word_1_510' title='bbox 245 4610 290 4680; x_wconf 90' lang='grc'><strong>11)</strong></span> <span class='ocrx_word' id='word_1_511' title='bbox 308 4613 380 4668; x_wconf 89' lang='lat' dir='ltr'><strong>Cod.</strong></span> <span class='ocrx_word' id='word_1_512' title='bbox 393 4613 505 4671; x_wconf 82' lang='lat' dir='ltr'><strong>Monac.</strong></span> <span class='ocrx_word' id='word_1_513' title='bbox 520 4615 562 4671; x_wconf 90' lang='grc'><strong>88.</strong></span> <span class='ocrx_word' id='word_1_514' title='bbox 575 4615 665 4667; x_wconf 74' lang='lat' dir='ltr'><strong>hodes</strong></span> <span class='ocrx_word' id='word_1_515' title='bbox 677 4623 704 4666; x_wconf 82' lang='lat' dir='ltr'><strong>et</strong></span> <span class='ocrx_word' id='word_1_516' title='bbox 716 4615 802 4667; x_wconf 73' lang='lat' dir='ltr'><strong>dedeo</strong></span> <span class='ocrx_word' id='word_1_517' title='bbox 815 4616 864 4666; x_wconf 77' lang='lat' dir='ltr'><strong>tibi</strong></span> <span class='ocrx_word' id='word_1_518' title='bbox 873 4616 1008 4682; x_wconf 71' lang='lat' dir='ltr'><strong>gratian·</strong></span> 
     </span>
    </p>
   </div>
   <div class='ocr_carea' id='block_1_19' title="bbox 122 4643 2134 4848">
    <p class='ocr_par' dir='ltr' id='par_1_23' title="bbox 122 4643 2134 4848">
     <span class='ocr_line' id='line_1_44' title="bbox 122 4643 1889 4768; baseline -0.007 -14"><span class='ocrx_word' id='word_1_519' title='bbox 122 4733 133 4748; x_wconf 84' lang='lat'><em>-</em></span> <span class='ocrx_word' id='word_1_520' title='bbox 245 4691 289 4768; x_wconf 74' lang='grc'><strong>12)</strong></span> <span class='ocrx_word' id='word_1_521' title='bbox 306 4700 407 4766; x_wconf 71' lang='lat' dir='ltr'><strong>saniei]</strong></span> <span class='ocrx_word' id='word_1_522' title='bbox 423 4699 486 4754; x_wconf 83' lang='lat' dir='ltr'><strong>cod.</strong></span> <span class='ocrx_word' id='word_1_523' title='bbox 500 4699 612 4755; x_wconf 73' lang='lat' dir='ltr'><strong>Mam</strong></span> <span class='ocrx_word' id='word_1_524' title='bbox 625 4697 669 4753; x_wconf 80' lang='grc'><strong>88.</strong></span> <span class='ocrx_word' id='word_1_525' title='bbox 680 4699 734 4751; x_wconf 78' lang='lat' dir='ltr'><strong>ont</strong></span> <span class='ocrx_word' id='word_1_526' title='bbox 742 4699 945 4764; x_wconf 76' lang='lat' dir='ltr'><strong>locupletiores.</strong></span> <span class='ocrx_word' id='word_1_527' title='bbox 1154 4643 1164 4664; x_wconf 67' lang='lat'><strong><em>¹</em></strong></span> <span class='ocrx_word' id='word_1_528' title='bbox 1285 4679 1331 4749; x_wconf 66' lang='grc' dir='ltr'><strong>Ι0)</strong></span> <span class='ocrx_word' id='word_1_529' title='bbox 1348 4685 1475 4731; x_wconf 59' lang='lat' dir='ltr'><strong>mim·</strong></span> <span class='ocrx_word' id='word_1_530' title='bbox 1490 4675 1554 4732; x_wconf 56' lang='grc' dir='ltr'><strong>ωδ·</strong></span> <span class='ocrx_word' id='word_1_531' title='bbox 1566 4671 1650 4731; x_wconf 62' lang='grc'><strong>6011)·</strong></span> <span class='ocrx_word' id='word_1_532' title='bbox 1658 4675 1718 4732; x_wconf 72' lang='lat'><strong>¹9¹·</strong></span> <span class='ocrx_word' id='word_1_533' title='bbox 1732 4691 1788 4729; x_wconf 72' lang='grc' dir='ltr'>Μ</span> <span class='ocrx_word' id='word_1_534' title='bbox 1800 4673 1889 4730; x_wconf 62' lang='grc' dir='ltr'><strong>ΗΜ·</strong></span> 
     </span>
     <span class='ocr_line' id='line_1_45' title="bbox 245 4757 2134 4848; baseline -0.004 -25"><span class='ocrx_word' id='word_1_535' title='bbox 245 4781 289 4848; x_wconf 72' lang='lat'><strong>13)</strong></span> <span class='ocrx_word' id='word_1_536' title='bbox 307 4781 379 4838; x_wconf 65' lang='lat' dir='ltr'><strong>cod,</strong></span> <span class='ocrx_word' id='word_1_537' title='bbox 390 4781 503 4837; x_wconf 61' lang='lat' dir='ltr'><strong>Mom</strong></span> <span class='ocrx_word' id='word_1_538' title='bbox 518 4781 561 4838; x_wconf 67' lang='lat' dir='ltr'><strong>gg,</strong></span> <span class='ocrx_word' id='word_1_539' title='bbox 577 4782 621 4838; x_wconf 58' lang='grc' dir='ltr'><strong>ἀρ,</strong></span> <span class='ocrx_word' id='word_1_540' title='bbox 1108 4775 1115 4782; x_wconf 89' lang='grc'><em>·</em></span> <span class='ocrx_word' id='word_1_541' title='bbox 1283 4763 1331 4832; x_wconf 77' lang='lat' dir='ltr'><strong>at)</strong></span> <span class='ocrx_word' id='word_1_542' title='bbox 1350 4757 1421 4817; x_wconf 85' lang='lat' dir='ltr'><strong>Cod.</strong></span> <span class='ocrx_word' id='word_1_543' title='bbox 1432 4759 1545 4816; x_wconf 82' lang='lat' dir='ltr'><strong>Monac.</strong></span> <span class='ocrx_word' id='word_1_544' title='bbox 1559 4761 1602 4816; x_wconf 89' lang='grc'><strong>88.</strong></span> <span class='ocrx_word' id='word_1_545' title='bbox 1616 4775 1704 4830; x_wconf 71' lang='lat' dir='ltr'><strong>pruna</strong></span> <span class='ocrx_word' id='word_1_546' title='bbox 1716 4763 1773 4813; x_wconf 75' lang='lat' dir='ltr'><strong>sem</strong></span> <span class='ocrx_word' id='word_1_547' title='bbox 1787 4770 1816 4812; x_wconf 82' lang='lat' dir='ltr'><strong>te</strong></span> <span class='ocrx_word' id='word_1_548' title='bbox 1826 4767 1857 4812; x_wconf 78' lang='lat' dir='ltr'><strong>ut</strong></span> <span class='ocrx_word' id='word_1_549' title='bbox 1868 4775 1996 4813; x_wconf 70' lang='lat' dir='ltr'><strong>mm</strong></span> <span class='ocrx_word' id='word_1_550' title='bbox 2007 4759 2134 4828; x_wconf 58' lang='lat' dir='ltr'><strong>dmm.</strong></span> 
     </span>
    </p>
   </div>
   <div class='ocr_carea' id='block_1_20' title="bbox 244 4842 2181 4938">
    <p class='ocr_par' dir='ltr' id='par_1_24' title="bbox 244 4842 2181 4938">
     <span class='ocr_line' id='line_1_46' title="bbox 244 4842 2181 4938; baseline -0.012 -15"><span class='ocrx_word' id='word_1_551' title='bbox 244 4872 289 4938; x_wconf 81' lang='grc'><strong>11)</strong></span> <span class='ocrx_word' id='word_1_552' title='bbox 307 4867 377 4924; x_wconf 87' lang='lat' dir='ltr'><strong>Cod.</strong></span> <span class='ocrx_word' id='word_1_553' title='bbox 390 4866 473 4922; x_wconf 82' lang='lat' dir='ltr'><strong>Geth.</strong></span> <span class='ocrx_word' id='word_1_554' title='bbox 490 4869 548 4922; x_wconf 85' lang='grc'><strong>191.</strong></span> <span class='ocrx_word' id='word_1_555' title='bbox 559 4869 594 4922; x_wconf 83' lang='lat' dir='ltr'><strong>A.</strong></span> <span class='ocrx_word' id='word_1_556' title='bbox 607 4865 647 4922; x_wconf 75' lang='lat' dir='ltr'><strong>R.</strong></span> <span class='ocrx_word' id='word_1_557' title='bbox 1283 4845 1329 4910; x_wconf 57' lang='grc' dir='ltr'><strong>ι9)</strong></span> <span class='ocrx_word' id='word_1_558' title='bbox 1347 4850 1502 4910; x_wconf 59' lang='lat' dir='ltr'><strong>“th·</strong></span> <span class='ocrx_word' id='word_1_559' title='bbox 1513 4857 1606 4911; x_wconf 66' lang='lat' dir='ltr'><strong>tenus</strong></span> <span class='ocrx_word' id='word_1_560' title='bbox 1619 4853 1673 4900; x_wconf 83' lang='lat' dir='ltr'><strong>ete.</strong></span> <span class='ocrx_word' id='word_1_561' title='bbox 1686 4861 1742 4898; x_wconf 79' lang='grc' dir='ltr'><strong>ιοιι</strong></span> <span class='ocrx_word' id='word_1_562' title='bbox 1755 4843 1882 4914; x_wconf 70' lang='lat' dir='ltr'><strong>teguntur</strong></span> <span class='ocrx_word' id='word_1_563' title='bbox 1894 4843 1924 4898; x_wconf 86' lang='lat' dir='ltr'><strong>ita</strong></span> <span class='ocrx_word' id='word_1_564' title='bbox 1935 4843 2000 4899; x_wconf 80' lang='lat' dir='ltr'><strong>eod.</strong></span> <span class='ocrx_word' id='word_1_565' title='bbox 2012 4842 2126 4902; x_wconf 75' lang='grc' dir='ltr'><strong>Μοικ.</strong></span> <span class='ocrx_word' id='word_1_566' title='bbox 2137 4843 2181 4900; x_wconf 84' lang='grc'><strong>88.</strong></span> 
     </span>
    </p>
   </div>
   <div class='ocr_carea' id='block_1_21' title="bbox 243 4926 1907 5020">
    <p class='ocr_par' dir='ltr' id='par_1_25' title="bbox 243 4926 1907 5020">
     <span class='ocr_line' id='line_1_47' title="bbox 243 4926 1907 5020; baseline -0.016 -12"><span class='ocrx_word' id='word_1_567' title='bbox 243 4953 290 5020; x_wconf 84' lang='grc'><strong>15)</strong></span> <span class='ocrx_word' id='word_1_568' title='bbox 308 4953 453 5007; x_wconf 74' lang='lat' dir='ltr'><strong>Hactenus</strong></span> <span class='ocrx_word' id='word_1_569' title='bbox 465 4949 541 5004; x_wconf 85' lang='lat' dir='ltr'><strong>abest</strong></span> <span class='ocrx_word' id='word_1_570' title='bbox 554 4968 571 5003; x_wconf 83' lang='lat' dir='ltr'><strong>a</strong></span> <span class='ocrx_word' id='word_1_571' title='bbox 584 4951 646 5006; x_wconf 86' lang='lat' dir='ltr'><strong>eod.</strong></span> <span class='ocrx_word' id='word_1_572' title='bbox 658 4949 742 5006; x_wconf 84' lang='lat' dir='ltr'><strong>Goth.</strong></span> <span class='ocrx_word' id='word_1_573' title='bbox 755 4949 817 5004; x_wconf 79' lang='grc'><strong>191.</strong></span> <span class='ocrx_word' id='word_1_574' title='bbox 952 4965 960 4984; x_wconf 87' lang='lat'><strong>·</strong></span> <span class='ocrx_word' id='word_1_575' title='bbox 1282 4929 1327 4998; x_wconf 68' lang='lat'><strong>23)</strong></span> <span class='ocrx_word' id='word_1_576' title='bbox 1345 4927 1416 4982; x_wconf 62' lang='lat'><strong>0⁰³·</strong></span> <span class='ocrx_word' id='word_1_577' title='bbox 1428 4926 1541 4984; x_wconf 64' lang='lat' dir='ltr'><strong>Mons·</strong></span> <span class='ocrx_word' id='word_1_578' title='bbox 1551 4927 1596 4981; x_wconf 72' lang='lat'><strong>8⁸·</strong></span> <span class='ocrx_word' id='word_1_579' title='bbox 1610 4926 1748 4998; x_wconf 66' lang='lat' dir='ltr'><strong>Imaum</strong></span> <span class='ocrx_word' id='word_1_580' title='bbox 1762 4927 1821 4994; x_wconf 56' lang='grc' dir='ltr'><strong>ὢν</strong></span> <span class='ocrx_word' id='word_1_581' title='bbox 1831 4939 1907 4982; x_wconf 75' lang='lat' dir='ltr'><strong>etun·</strong></span> 
     </span>
    </p>
   </div>
   <div class='ocr_carea' id='block_1_22' title="bbox 243 5011 1822 5105">
    <p class='ocr_par' dir='ltr' id='par_1_26' title="bbox 243 5011 1822 5105">
     <span class='ocr_line' id='line_1_48' title="bbox 243 5011 1822 5105; baseline -0.013 -12"><span class='ocrx_word' id='word_1_582' title='bbox 243 5038 288 5104; x_wconf 79' lang='grc'><strong>18)</strong></span> <span class='ocrx_word' id='word_1_583' title='bbox 305 5055 440 5105; x_wconf 80' lang='lat' dir='ltr'><strong>proepop.</strong></span> <span class='ocrx_word' id='word_1_584' title='bbox 453 5035 530 5089; x_wconf 74' lang='lat' dir='ltr'><strong>abeas</strong></span> <span class='ocrx_word' id='word_1_585' title='bbox 541 5051 556 5088; x_wconf 78' lang='lat' dir='ltr'><strong>a</strong></span> <span class='ocrx_word' id='word_1_586' title='bbox 569 5035 632 5090; x_wconf 84' lang='lat' dir='ltr'><strong>eod.</strong></span> <span class='ocrx_word' id='word_1_587' title='bbox 644 5035 757 5090; x_wconf 80' lang='lat' dir='ltr'><strong>Monac.</strong></span> <span class='ocrx_word' id='word_1_588' title='bbox 769 5034 812 5090; x_wconf 86' lang='grc'><strong>88.</strong></span> <span class='ocrx_word' id='word_1_589' title='bbox 1282 5016 1328 5082; x_wconf 65' lang='lat' dir='ltr'><strong>²i)</strong></span> <span class='ocrx_word' id='word_1_590' title='bbox 1346 5012 1416 5070; x_wconf 56' lang='grc' dir='ltr'><strong>ω·</strong></span> <span class='ocrx_word' id='word_1_591' title='bbox 1430 5013 1540 5069; x_wconf 66' lang='lat' dir='ltr'><strong>Mmt-</strong></span> <span class='ocrx_word' id='word_1_592' title='bbox 1551 5011 1595 5068; x_wconf 76' lang='lat'><strong>88·</strong></span> <span class='ocrx_word' id='word_1_593' title='bbox 1606 5011 1697 5068; x_wconf 62' lang='grc' dir='ltr'><strong>811ἆὶῑὲ</strong></span> <span class='ocrx_word' id='word_1_594' title='bbox 1714 5029 1822 5067; x_wconf 65' lang='grc' dir='ltr'><strong>ΝΜ·</strong></span> 
     </span>
    </p>
   </div>
   <div class='ocr_carea' id='block_1_23' title="bbox 244 5097 1934 5262">
    <p class='ocr_par' dir='ltr' id='par_1_27' title="bbox 244 5097 1934 5262">
     <span class='ocr_line' id='line_1_49' title="bbox 244 5097 1934 5192; baseline -0.005 -13"><span class='ocrx_word' id='word_1_595' title='bbox 244 5123 289 5190; x_wconf 80' lang='lat' dir='ltr'><strong>tt)</strong></span> <span class='ocrx_word' id='word_1_596' title='bbox 306 5141 425 5192; x_wconf 74' lang='lat' dir='ltr'><strong>cumque</strong></span> <span class='ocrx_word' id='word_1_597' title='bbox 437 5126 538 5176; x_wconf 79' lang='lat' dir='ltr'><strong>denses</strong></span> <span class='ocrx_word' id='word_1_598' title='bbox 550 5123 617 5190; x_wconf 71' lang='lat' dir='ltr'><strong>etc]</strong></span> <span class='ocrx_word' id='word_1_599' title='bbox 631 5121 694 5176; x_wconf 86' lang='lat' dir='ltr'><strong>eod.</strong></span> <span class='ocrx_word' id='word_1_600' title='bbox 708 5119 819 5176; x_wconf 81' lang='lat' dir='ltr'><strong>Monac.</strong></span> <span class='ocrx_word' id='word_1_601' title='bbox 833 5118 877 5173; x_wconf 79' lang='grc'><strong>88.</strong></span> <span class='ocrx_word' id='word_1_602' title='bbox 894 5121 946 5171; x_wconf 77' lang='lat' dir='ltr'><strong>seri</strong></span> <span class='ocrx_word' id='word_1_603' title='bbox 956 5127 989 5170; x_wconf 79' lang='lat' dir='ltr'><strong>are</strong></span> <span class='ocrx_word' id='word_1_604' title='bbox 1000 5119 1129 5174; x_wconf 67' lang='lat' dir='ltr'><strong>marianos</strong></span> <span class='ocrx_word' id='word_1_605' title='bbox 1139 5123 1197 5175; x_wconf 77' lang='lat' dir='ltr'><strong>ali·</strong></span> <span class='ocrx_word' id='word_1_606' title='bbox 1282 5103 1327 5168; x_wconf 74' lang='lat'><strong>²⁵)</strong></span> <span class='ocrx_word' id='word_1_607' title='bbox 1346 5097 1417 5156; x_wconf 57' lang='grc' dir='ltr'><strong>ω·</strong></span> <span class='ocrx_word' id='word_1_608' title='bbox 1429 5099 1540 5156; x_wconf 64' lang='lat' dir='ltr'><strong>mmm·</strong></span> <span class='ocrx_word' id='word_1_609' title='bbox 1553 5099 1597 5155; x_wconf 72' lang='lat'><strong>⁸⁸·</strong></span> <span class='ocrx_word' id='word_1_610' title='bbox 1612 5099 1650 5152; x_wconf 54' lang='grc' dir='ltr'><strong><em>Β</em></strong></span> <span class='ocrx_word' id='word_1_611' title='bbox 1663 5118 1784 5172; x_wconf 66' lang='lat' dir='ltr'><strong>“im</strong></span> <span class='ocrx_word' id='word_1_612' title='bbox 1798 5108 1842 5153; x_wconf 63' lang='lat' dir='ltr'><strong>“i</strong></span> <span class='ocrx_word' id='word_1_613' title='bbox 1847 5133 1858 5170; x_wconf 85' lang='grc' dir='ltr'><strong>ι</strong></span> <span class='ocrx_word' id='word_1_614' title='bbox 1874 5113 1934 5157; x_wconf 74' lang='lat'><strong>⁰⁰¹·</strong></span> 
     </span>
     <span class='ocr_line' id='line_1_50' title="bbox 277 5185 1695 5262; baseline -0.004 -16"><span class='ocrx_word' id='word_1_615' title='bbox 277 5211 363 5262; x_wconf 79' lang='lat' dir='ltr'><strong>quom</strong></span> <span class='ocrx_word' id='word_1_616' title='bbox 377 5193 545 5246; x_wconf 76' lang='lat' dir='ltr'><strong>mediocrem</strong></span> <span class='ocrx_word' id='word_1_617' title='bbox 557 5193 777 5257; x_wconf 54' lang='lat' dir='ltr'><strong>messurianum</strong></span> <span class='ocrx_word' id='word_1_618' title='bbox 788 5187 898 5244; x_wconf 66' lang='lat' dir='ltr'><strong>ntulit»</strong></span> <span class='ocrx_word' id='word_1_619' title='bbox 907 5189 938 5240; x_wconf 74' lang='grc' dir='ltr'><strong>εἰ</strong></span> <span class='ocrx_word' id='word_1_620' title='bbox 948 5203 1017 5254; x_wconf 68' lang='lat' dir='ltr'><strong>opu</strong></span> <span class='ocrx_word' id='word_1_621' title='bbox 1030 5197 1085 5244; x_wconf 76' lang='lat' dir='ltr'><strong>eat.</strong></span> <span class='ocrx_word' id='word_1_622' title='bbox 1281 5185 1329 5250; x_wconf 76' lang='grc'><strong>86)</strong></span> <span class='ocrx_word' id='word_1_623' title='bbox 1347 5185 1417 5242; x_wconf 85' lang='lat' dir='ltr'><strong>Cod.</strong></span> <span class='ocrx_word' id='word_1_624' title='bbox 1432 5185 1547 5242; x_wconf 81' lang='lat' dir='ltr'><strong>Monac.</strong></span> <span class='ocrx_word' id='word_1_625' title='bbox 1558 5185 1602 5242; x_wconf 81' lang='grc'><strong>88.</strong></span> <span class='ocrx_word' id='word_1_626' title='bbox 1617 5204 1695 5254; x_wconf 76' lang='lat' dir='ltr'><strong>rogo.</strong></span> 
     </span>
    </p>
   </div>
   <div class='ocr_carea' id='block_1_24' title="bbox 242 5265 1917 5434">
    <p class='ocr_par' dir='ltr' id='par_1_28' title="bbox 242 5265 1917 5434">
     <span class='ocr_line' id='line_1_51' title="bbox 243 5265 1917 5343; baseline -0.006 -11"><span class='ocrx_word' id='word_1_627' title='bbox 243 5277 290 5343; x_wconf 84' lang='grc'><strong>18)</strong></span> <span class='ocrx_word' id='word_1_628' title='bbox 306 5279 443 5342; x_wconf 72' lang='lat' dir='ltr'><strong>ardinor]</strong></span> <span class='ocrx_word' id='word_1_629' title='bbox 457 5275 519 5332; x_wconf 86' lang='lat' dir='ltr'><strong>eod.</strong></span> <span class='ocrx_word' id='word_1_630' title='bbox 533 5273 645 5330; x_wconf 80' lang='lat' dir='ltr'><strong>Mense.</strong></span> <span class='ocrx_word' id='word_1_631' title='bbox 657 5273 701 5329; x_wconf 85' lang='grc'><strong>88.</strong></span> <span class='ocrx_word' id='word_1_632' title='bbox 715 5276 811 5330; x_wconf 68' lang='lat' dir='ltr'><strong>eadm.</strong></span> <span class='ocrx_word' id='word_1_633' title='bbox 1282 5269 1328 5338; x_wconf 80' lang='lat'><strong>27)</strong></span> <span class='ocrx_word' id='word_1_634' title='bbox 1346 5265 1397 5324; x_wconf 81' lang='lat' dir='ltr'><strong>llic</strong></span> <span class='ocrx_word' id='word_1_635' title='bbox 1411 5267 1511 5324; x_wconf 81' lang='lat' dir='ltr'><strong>desinit</strong></span> <span class='ocrx_word' id='word_1_636' title='bbox 1523 5287 1617 5341; x_wconf 81' lang='lat' dir='ltr'><strong>apogr.</strong></span> <span class='ocrx_word' id='word_1_637' title='bbox 1631 5268 1660 5322; x_wconf 83' lang='lat' dir='ltr'><strong>ir</strong></span> <span class='ocrx_word' id='word_1_638' title='bbox 1674 5267 1738 5325; x_wconf 86' lang='lat' dir='ltr'><strong>cod.</strong></span> <span class='ocrx_word' id='word_1_639' title='bbox 1750 5265 1863 5323; x_wconf 80' lang='lat' dir='ltr'><strong>Monac.</strong></span> <span class='ocrx_word' id='word_1_640' title='bbox 1873 5265 1917 5322; x_wconf 78' lang='grc'><strong>88.</strong></span> 
     </span>
     <span class='ocr_line' id='line_1_52' title="bbox 242 5351 1519 5434; baseline -0.006 -16"><span class='ocrx_word' id='word_1_641' title='bbox 242 5363 287 5434; x_wconf 77' lang='lat' dir='ltr'><strong>ts)</strong></span> <span class='ocrx_word' id='word_1_642' title='bbox 305 5361 376 5420; x_wconf 77' lang='lat' dir='ltr'><strong>cod.</strong></span> <span class='ocrx_word' id='word_1_643' title='bbox 389 5361 501 5420; x_wconf 83' lang='lat' dir='ltr'><strong>Monac.</strong></span> <span class='ocrx_word' id='word_1_644' title='bbox 515 5359 560 5416; x_wconf 84' lang='grc'><strong>88.</strong></span> <span class='ocrx_word' id='word_1_645' title='bbox 571 5363 648 5416; x_wconf 79' lang='lat' dir='ltr'><strong>ratis</strong></span> <span class='ocrx_word' id='word_1_646' title='bbox 661 5361 750 5416; x_wconf 78' lang='lat' dir='ltr'><strong>stiam</strong></span> <span class='ocrx_word' id='word_1_647' title='bbox 762 5359 834 5414; x_wconf 79' lang='lat' dir='ltr'><strong>iniri</strong></span> <span class='ocrx_word' id='word_1_648' title='bbox 841 5359 955 5430; x_wconf 63' lang='lat' dir='ltr'><strong>met.</strong></span> <span class='ocrx_word' id='word_1_649' title='bbox 997 5387 1001 5401; x_wconf 53' lang='grc' dir='ltr'><strong>ι</strong></span> <span class='ocrx_word' id='word_1_650' title='bbox 1282 5355 1329 5426; x_wconf 78' lang='grc'><strong>18)</strong></span> <span class='ocrx_word' id='word_1_651' title='bbox 1347 5351 1519 5410; x_wconf 71' lang='lat' dir='ltr'><strong>§intererat</strong></span> 
     </span>
    </p>
   </div>
   <div class='ocr_carea' id='block_1_25' title="bbox 0 0 2340 5799">
    <p class='ocr_par' dir='ltr' id='par_1_29' title="bbox 0 0 2340 5799">
     <span class='ocr_line' id='line_1_53' title="bbox 0 0 2340 5799; baseline 0 0"><span class='ocrx_word' id='word_1_652' title='bbox 0 0 2340 5799; x_wconf 95' lang='lat' dir='ltr'><strong> </strong></span> 
     </span>
    </p>
   </div>
  </div>
 </body>
</html>
