4654 5804
206 229 286 304 sss
363 177 368 194 ’
782 203 1220 290 ar1srooaao1u
1270 205 1382 290 orn.
1415 209 1479 290 n.
1533 207 1666 295 raes.
1764 135 1768 156 ⁸
2170 212 2245 290 εει

211 399 303 472 llam
319 395 450 464 interea
467 402 583 462 tamen
603 385 841 458 adolescentes
864 409 1001 480 semper
1016 379 1063 456 ob
1079 381 1203 456 oeulos

213 523 309 572 uscos
323 508 518 566 versantur.

315 629 422 718 Quod
442 626 534 694 filiae
557 647 655 693 meae
678 647 826 694 aureum
839 635 1089 692 ornamentum
1105 617 1204 688 misi-

212 737 292 820 stis,
318 751 466 821 agnosco
485 739 636 795 vestram
656 747 736 814 erga
752 747 809 794 me
826 736 860 793 et
875 747 972 795 meos
987 721 1203 794 benevolen-

212 839 317 914 tiam,
344 845 378 900 et
392 829 492 898 vobis
509 826 639 917 gratias
654 849 730 916 ago.
776 823 845 896 Sed
864 849 949 904 oro,
975 849 1020 894 ne
1037 823 1203 912 deinceps

211 934 363 1010 onereris
378 954 440 1000 vos
458 928 634 999 sumtibus
649 928 781 1000 talibus
796 926 1096 998 extraordinariis.
1142 921 1203 995 lu-

211 1036 363 1112 cundior
376 1047 427 1102 est
441 1025 530 1099 mihi
546 1029 699 1100 amicitia
714 1042 851 1114 nostra,
866 1029 1008 1122 quaudo
1026 1049 1100 1096 nou
1117 1045 1204 1096 oue-

212 1165 254 1212 ro
268 1161 332 1209 ros
346 1135 478 1206 talibus
491 1131 675 1202 sumtibus.

312 1267 367 1340 ue
382 1265 598 1358 Republica,
623 1264 714 1348 scio,
737 1261 840 1332 vobis
856 1285 914 1344 ea,
940 1283 1030 1354 quae
1046 1260 1088 1328 ad
1107 1252 1205 1330 Rhe-

215 1397 302 1446 num
324 1371 511 1451 dicuntur,
542 1379 627 1436 nota
659 1387 742 1437 esse.
800 1360 856 1432 Ex
878 1359 1082 1456 Hungaria
1114 1354 1205 1428 mihi

216 1473 402 1554 scribitur,
428 1467 627 1538 'furcarum
643 1464 854 1559 Tyrannum
872 1465 1009 1533 venisse
1025 1462 1206 1533 Adriano-

215 1577 348 1671 polim,
386 1569 449 1641 ubi
473 1568 664 1638 exercitum
686 1566 837 1654 colligit,
869 1567 1071 1636 ducendum
1094 1561 1206 1630 Vien-·

216 1701 311 1749 nam.
369 1671 443 1742 Nos
468 1661 753 1739 commendemus
772 1665 848 1736 Deo
865 1663 1059 1736 Ecclesiam
1083 1677 1116 1733 et
1137 1661 1206 1732 Pa-

216 1780 343 1859 triam,
360 1787 395 1842 et
410 1773 447 1840 in
463 1770 593 1840 nostris
607 1768 733 1840 officiis
746 1768 934 1857 diligentes
947 1769 1067 1837 simus.
1098 1763 1206 1834 Prin-

219 1883 312 1972 cipes
330 1873 461 1944 habent
475 1873 638 1963 impetus,
659 1883 700 1940 ut
713 1869 886 1953 ridemus,
903 1871 1031 1951 varies,
1053 1880 1087 1936 et
1104 1863 1205 1956 pauci

219 1977 407 2054 oonsulunt
424 1972 606 2042 communi
620 1971 746 2044 Saluti.
790 1969 898 2040 Mitto
913 1971 1015 2039 vobis
1031 1965 1205 2039 Oratiun-

218 2084 335 2154 culam
349 2069 581 2154 deBasilio‚
607 2073 707 2143 cuius
724 2072 930 2158 lectionem,
951 2071 1120 2162 optarim,
1142 2091 1206 2136 vo-

219 2187 275 2256 bis
306 2177 482 2269 voluptati
515 2197 599 2250 esse.
650 2171 749 2244 Bene
781 2174 905 2249 valete.
961 2170 1082 2242 Pridie
1112 2167 1208 2240 Mat-

219 2281 315 2360 thiae
343 2273 452 2354 1645.

959 2400 1157 2518 Philippus.

229 2677 338 2692 ..α-..ι

118 2869 121 2876 ’
246 2875 314 2948 No.
331 2869 443 2943 stas.
1043 2867 1103 2936 24.
1118 2867 1205 2928 Febr.

146 2971 149 2978 ·
227 2969 439 3008 Μ
1066 2957 1205 2986 Μ

492 3059 643 3147 Iooch.
674 3055 934 3146 Camerario.

288 3225 374 3298 Epist·
393 3221 427 3280 ad
443 3217 583 3278 Gamerae.
597 3238 626 3294 p.
646 3218 746 3290 501sq.
761 3215 817 3286 (ed.
835 3191 926 3274 Lond.
945 3213 995 3271 lv.
1013 3232 1055 3284 ep.
1072 3213 1160 3282 6573.

236 3377 461 3458 Clarissimo
500 3376 578 3448 siro
618 3370 820 3445 eruditione
859 3382 890 3444 et
925 3369 1054 3443 virtute
1084 3391 1194 3466 prae-

250 3483 371 3556 stanti
398 3475 646 3554 lonchimo
676 3465 801 3552 Cam.
831 3469 926 3546 Pae.
961 3469 1081 3542 amieo
1112 3491 1180 3540 suo

649 3601 777 3652 coress.

224 3704 272 3794 S·
297 3715 344 3791 D.
395 3713 474 3785 Etsi
496 3713 548 3783 sio
573 3725 607 3782 te
621 3708 797 3780 Herodoti
816 3721 851 3779 et
868 3700 1117 3808 Xenophontis
1131 3729 1213 3776 sna-

132 3825 157 3874 Ἣ
227 3803 336 3892 vitate
360 3819 556 3898 imbutum,
577 3835 653 3882 uon
675 3826 837 3903 appetere
861 3809 1049 3877 lectionem
1064 3809 1213 3899 scripto-

227 3947 308 3994 rum
331 3915 580 3997 horridorum,
601 3927 720 3985 tamen
742 3911 823 3981 misi
838 3902 1010 3978 Polonici
1030 3909 1131 3997 regni
1156 3905 1213 3977 hi-

229 4025 394 4106 storiam,
427 4043 483 4090 res
512 4015 751 4088 coutinentem
781 4011 909 4083 multas
930 4011 1136 4103 praesertim
1156 4035 1210 4080 re-

230 4125 402 4197 centiores
428 4119 627 4209 cognitione
649 4117 783 4206 dignas.
834 4111 1000 4202 Regnum
1027 4107 1117 4180 mihi
1138 4136 1214 4181 non

230 4225 353 4296 infelix
375 4221 482 4292 luisse
499 4219 660 4304 videtur,
687 4230 722 4288 et
744 4214 941 4286 defensioni
965 4207 1129 4304 Europae
1150 4215 1215 4282 ad-

230 4348 352 4397 versus
376 4323 475 4391 illam
497 4320 695 4389 barbariem
719 4313 886 4390 Arctoam
915 4314 1052 4384 utiliter
1084 4315 1213 4396 serviit,

232 4439 266 4498 et
279 4441 320 4497 ut
331 4425 435 4496 initio
453 4413 616 4494 Othonis
631 4417 695 4488 ltl.
715 4417 862 4488 consilio
878 4429 912 4486 et
927 4415 1112 4485 autoritate
1129 4439 1215 4485 con-

230 4529 393 4599 stitutum
403 4539 474 4609 est,
496 4523 546 4593 ita
560 4543 655 4590 nunc
669 4521 766 4589 fatali
783 4519 928 4611 periodo
943 4512 1071 4586 horum
1088 4539 1216 4606 regno-

231 4655 314 4701 rum
332 4625 532 4695 vicinorum
553 4619 710 4693 fortassis
734 4635 869 4706 exacta,
893 4619 1037 4690 videtur
1061 4619 1099 4688 in
1121 4619 1216 4710 peri-

233 4731 306 4804 culi
321 4727 518 4799 societatem
535 4715 615 4794 cum
628 4719 815 4792 Pannonia
837 4735 870 4792 et
881 4717 1074 4790 Germania
1089 4735 1216 4791 rentu-

234 4857 334 4918 rum,
358 4829 420 4898 se'd
443 4847 581 4897 oremus
595 4823 711 4894 Deum
732 4835 913 4892 aeternum
930 4835 1065 4912 patrem
1080 4822 1217 4890 domini

230 4917 349 5005 'nostri
369 4927 448 5000 lesu
473 4921 626 5010 Christi,
650 4940 691 4998 ut
710 4919 883 4994 Ecclesias
905 4945 1003 5008 suas,
1028 4936 1063 4992 et
1083 4923 1218 4995 littera-

237 5062 316 5107 rum
337 5029 491 5123 hospitia
513 5040 637 5100 servet.
687 5025 825 5096 Vellem
847 5024 1035 5114 scriptores
1055 5024 1137 5094 illos
1153 5025 1220 5094 ali-

235 5137 381 5232 quidde
396 5131 554 5203 Henetae
570 5128 685 5220 gentis
697 5126 905 5222 antiquitate
923 5126 1039 5197 dicere
1054 5127 1219 5218 potuisse,

236 5239 336 5310 cuius
351 5249 486 5328 partem
499 5255 572 5302 esse
583 5229 758 5316 Polonos,
775 5223 867 5300 nihil
885 5227 1035 5300 dubium
1050 5241 1112 5304 est.
1150 5227 1220 5300 Sed
1238 5237 1240 5243 ‘

237 5335 324 5411 haec
339 5337 529 5432 aliquando
546 5357 674 5404 coram.

1355 367 1574 482 Amantius!
1588 405 1777 478 properare
1806 407 1842 456 se
1875 385 2013 458 dicebat
2046 387 2091 458 ad
2124 388 2243 458 nescio

1169 559 1172 565 Α
1254 485 1350 577 quod
1378 487 1561 560 iudicium.
1615 485 1700 556 ldeo
1721 511 1801 556 eum
1818 501 1957 578 praeter
1972 484 2244 581 spemaStige-

1255 581 1307 656 lio
1325 587 1459 659 diutius
1484 601 1643 658 retentus
1658 601 1764 674 esset,
1786 575 1833 658 ¹ad
1847 603 1881 660 te
1895 613 1969 660 non
1984 591 2161 682 profectus
2180 603 2244 664 est.

1253 683 1302 758 Et
1333 713 1413 758 cum
1444 689 1598 758 audisset
1631 713 1750 758 meum
1776 691 1963 760 consilium
1987 686 2163 786 περὶτοῦ
2189 686 2243 784 μὴ

1253 791 1512 882 μνησικακεῖν,
1539 791 1779 860 arbitrabatur
1800 805 1834 861 te
1849 793 1944 862 idem
1957 815 2144 862 sensurum
2158 815 2247 866 esse.

1253 887 1442 962 Calumnia
1458 891 1615 960 nascitur
1639 891 1672 960 ei
1694 915 1734 960 ex
1749 917 1821 961 uno
1837 894 1963 977 verbo,
1995 895 2090 987 quod
2116 893 2179 962 ille
2205 894 2247 962 in

1256 989 1469 1061 Germanico
1487 993 1616 1084 scripto
1634 992 1774 1062 incaute
1793 995 1921 1084 posuit,
1947 991 2120 1064 Videlicet
2128 990 2249 1086 Equi-

1255 1107 1344 1178 tem,
1370 1093 1471 1164 cuius
1486 1093 1555 1182 egit
1571 1087 1772 1163 Arruntius
1789 1117 1964 1180 caussam,
1987 1095 2094 1165 fuisse
2110 1097 2250 1186 spolia-

1175 1231 1178 1234 *
1255 1208 1331 1266 tum
1354 1195 1476 1278 bonis,
1502 1208 1543 1264 ut
1564 1193 1737 1265 Germani
1759 1196 1965 1288 loquuntur.
2014 1193 2111 1265 Hinc
2132 1196 2249 1290 Syco-

1257 1291 1388 1388 phanta
1420 1295 1512 1385 cepit
1533 1289 1790 1377 διατείνεσθαι,
1808 1297 2002 1387 principem
2027 1299 2247 1389 praedonem

1255 1397 1386 1466 vocari.
1435 1388 1627 1466 Hincilla'e
1643 1395 1860 1486 Tragoedias
1881 1412 1977 1468 sunt:
2005 1401 2067 1468 sed
2089 1393 2178 1468 haee
2200 1401 2249 1468 ab

1256 1499 1300 1567 iis
1312 1498 1374 1590 qui
1398 1496 1435 1566 in
1458 1498 1536 1566 loro
1548 1514 1734 1570 versantur
1753 1512 1853 1595 acute
1867 1499 2013 1589 cogitari
2028 1499 2250 1570 iudicantur.

1255 1597 1451 1692 Epistolam
1467 1611 1565 1668 tuam
1577 1600 1620 1668 ad
1632 1587 1867 1693 Crucigernm
1884 1601 2031 1670 miratus
2045 1623 2145 1686 sum,
2171 1625 2250 1670 non

1256 1714 1331 1770 taur
1352 1701 1447 1792 quod
1466 1713 1538 1769 tam
1555 1701 1691 1791 prolixe
1705 1725 1845 1770 excusas
1861 1726 1924 1770 cur
1939 1725 2012 1770 non
2029 1715 2130 1790 putes
2150 1703 2249 1772 inse-

1257 1803 1382 1872 rendas
1416 1813 1613 1871 vestrorum
1648 1802 1904 1894 disputationes
1938 1794 2101 1872 Lntheri
2135 1805 2250 1894 operi,

1258 1927 1363 1996 quam
1385 1904 1481 1995 quod
1506 1903 1574 1974 alia
1598 1906 1770 1995 quaedam
1800 1895 1994 1994 aspersisti,
2021 1927 2111 1996 quae
2133 1905 2249 1994 signi-

1257 2005 1363 2074 ficant
1395 2017 1430 2073 te
1462 1997 1719 2097 δυσχεραίνειν
1754 1999 1984 2097 κακοήθειαν
2013 2009 2140 2079 τινῶν.
2182 2029 2248 2096 ego

1258 2104 1595 2197 aequissimoanimo
1603 2105 1658 2175 vel
1674 2105 1792 2196 potius
1803 2099 2040 2199 ἀναισθήτως
2054 2107 2129 2174 fero
2145 2106 2249 2176 inso-

1258 2206 1403 2276 lentiam
1421 2199 1486 2276 καὶ
1504 2200 1632 2299 ὕβρεις
1652 2207 1847 2276 multorum
1864 2205 1917 2302 *),
1959 2221 1994 2276 et
2017 2209 2103 2276 dum
2127 2209 2249 2276 vivam

1257 2309 1436 2376 moderate
1450 2307 1575 2374 faciam
1590 2306 1746 2377 officium
1766 2330 1905 2393 meum,
1930 2321 1964 2377 et
1979 2321 2094 2399 petam
2117 2332 2136 2378 a
2157 2307 2250 2388 Deo,

1258 2421 1299 2479 ut
1321 2409 1396 2499 ipse
1421 2408 1592 2497 gubernet
1615 2409 1745 2492 exitus,
1771 2421 1804 2477 et
1826 2405 1997 2497 provehat
2019 2410 2158 2477 labores
2182 2435 2250 2479 no-

1259 2522 1368 2594 stros,
1398 2508 1490 2579 sicut
1511 2503 1689 2578 Ecclesiae
1712 2510 1894 2600 promisit,
1924 2508 1988 2581 ἵνα
2008 2505 2155 2603 καρπὸν
2179 2509 2248 2607 φέ-

1260 2635 1364 2703 ρητε,
1389 2603 1453 2680 καὶ
1468 2603 1488 2680 ὁ
1503 2603 1644 2700 καρπὸς
1657 2606 1767 2704 ὑμῶν
1779 2605 1884 2704 μένη.
1935 2607 2038 2702 ¹Bene
2059 2613 2157 2697 vale,
2190 2613 2249 2684 die

1260 2709 1379 2784 Natali
1397 2708 1516 2782 Caroli
1534 2707 1624 2802 Imp.

1917 2839 2010 2919 Phil.
2022 2843 2199 2920 Melanth.

1259 3251 1328 3327 No.
1344 3248 1459 3326 5144.
2076 3257 2251 3378 (ΞΜ)

1672 3449 1841 3535 Eidem.

1330 3600 1416 3690 Epist.
1430 3613 1464 3670 ad
1476 3613 1616 3670 &menn
1629 3629 1657 3683 p.
1671 3611 1723 3666 604
1733 3627 1775 3681 sq.
1794 3613 1847 3684 (ed.
1858 3611 1947 3668 Lond.
1960 3611 2007 3669 lib.
2020 3613 2071 3668 tr.
2083 3633 2127 3688 ep.
2137 3615 2223 3686 oso).

1263 3747 1488 3829 Clarissimo
1508 3751 1585 3824 niro
1608 3748 1809 3822 eruditione
1836 3761 1868 3822 et
1890 3751 2017 3826 virtute
2042 3759 2254 3850 praestanti

1301 3853 1403 3928 lon
1420 3881 1436 3928 ε
1451 3851 1488 3931 Ιι.
1516 3847 1589 3928 Ca
1605 3879 1654 3929 m.
1678 3848 1919 3971 Pabqnmico
1944 3863 1976 3926 et
2002 3855 2123 3950 fratri
2146 3884 2216 3930 sno

1706 3977 1834 4026 carass.

1263 4071 1310 4163 S·
1333 4086 1378 4160 D.
1429 4078 1646 4177 Matttw')
1667 4085 1848 4178 communi
1868 4085 1981 4155 amico
2005 4099 2129 4156 nostro
2155 4101 2249 4160 tuam

1265 4190 1556 4262 consuetudinem
1579 4187 1756 4276 gratulor,
1780 4181 1846 4256 καὶ
1869 4181 2047 4281 ἀφορμὴν
2062 4185 2250 4282 ἐπιτηδευ-

1264 4285 1396 4386 μάτων
1410 4290 1560 4360 lorensis
1575 4287 1774 4365 doctrinae,
1800 4311 1905 4379 quam
1922 4289 2080 4379 prolecto
2096 4315 2172 4360 non
2191 4317 2251 4360 ne-
2320 4359 2321 4382 ,

1265 4394 1464 4486 gligendam
1481 4412 1621 4489 censeo,
1647 4413 1711 4457 nec
1726 4387 1833 4478 velim
1849 4413 1868 4457 e
1885 4387 2024 4479 Repub.
2042 4391 2133 4464 tolli.
2183 4393 2251 4462 Sed
2320 4393 2321 4459 l

1267 4493 1419 4588 optarim
1445 4490 1563 4581 plures
1591 4489 1635 4559 ad
1662 4513 1738 4558 eam
1768 4490 1894 4558 afferre
1925 4503 2070 4560 naturas
2097 4507 2250 4562 amantes

1267 4593 1424 4667 iusticiae
1441 4592 1595 4682 etpacis.
1636 4589 1867 4681 ‘Saepeenim
1882 4613 2009 4680 magno
2033 4615 2114 4662 cum
2131 4595 2250 4664 dolore
2319 4621 2320 4664 ι

1269 4693 1501 4768 animadverti
1516 4691 1715 4782 Principes,
1732 4715 1882 4784 quorum
1896 4693 2142 4784 reprimendae
2158 4709 2250 4764 erant

1269 4791 1486 4895 φιλονεικίαι
1508 4790 1571 4864 καὶ
1591 4789 1812 4877 πλεονεξίαι,
1846 4794 1920 4862 eius
1949 4794 2035 4864 artis
2065 4792 2250 4886 sophistica

1270 4897 1422 4970 incendi.
1474 4895 1542 4966 Sed
1567 4895 1654 4986 quid
1676 4897 1719 4964 de
1745 4889 1801 4964 his
1820 4895 1904 4964 solis
1917 4896 2125 4988 querimur?
2173 4897 2249 4968 Plus
2318 4909 2319 4914 ’

1270 5089 1489 5110 μ

1304 5202 1337 5272 *)
1355 5201 1489 5274 Loquitur
1507 5203 1539 5256 de
1559 5202 1677 5258 luthero
1695 5213 1722 5258 et
1741 5203 1906 5263 dmsdorlio.

1308 5287 1454 5370 ltbtauh.
1476 5285 1673 5369 aWatterod,
1696 5305 1759 5341 com
1782 5279 1837 5358 quo
1856 5296 2027 5346 contenent
2044 5288 2210 5346 Cemenrins
2224 5287 2249 5340 ie
2316 5309 2317 5312 ¹

1341 5367 1439 5413 struere
1452 5374 1546 5410 uteose
1560 5357 1647 5428 alprih
1659 5355 1741 5411 laste.

1268 5267 1278 5294 Ι
