4704 5804
195 257 271 334 147
761 179 1223 325 arusrorat'uunc¹
1254 239 1366 318 nin
1398 239 1466 322 ut
1517 239 1652 322 mss.
2153 239 2230 318 ns

185 429 368 526 ptionem.
418 417 592 501 Fortassis
611 418 699 496 baec
716 443 773 494 res
787 417 953 516 praebuit
967 415 1188 490 occasionem
1232 409 1325 512 πρὸς
1338 406 1426 496 τοὺς
1441 409 1600 514 εὐγενεῖς
1608 409 1648 512 ¹¹)
1665 409 1705 487 lv
1718 401 1818 496 τάξει
1834 405 2090 510 ἆρχιερατικῷ.
2126 407 2228 484 Bene

197 535 257 604 vel
270 531 448 620 dicacibus
462 531 521 602 vel
533 526 728 602 malevolis.
776 521 917 594 Vellem
933 533 1025 592 certe
1046 515 1111 591 has
1130 519 1190 587 in-
1233 519 1324 594 vale.
1381 513 1542 589 Salutem
1574 530 1658 612 opto
1688 509 1823 587 illustri
1851 517 1975 588 comiti
2006 512 2229 611 Stolbergio,

200 634 312 728 eptias
330 631 453 718 vitari,
485 643 520 702 et
540 630 738 723 principem
752 624 807 698 ‘ab
826 626 888 707 iis,
918 645 1074 718 quorum
1094 619 1193 691 valet
1234 632 1269 690 et
1292 621 1329 696 d.
1351 611 1575 708 Richcvino,
1615 620 1711 694 dom.
1732 609 1892 706 Echaia,
1929 631 1965 690 et
1986 619 2021 688 d.
2042 605 2229 690 Cornelio.

199 735 390 808 auctoritas
403 730 599 805 admoneri.
635 725 805 802 Arbitror
819 725 1015 820 principem
1032 725 1077 794 de
1089 715 1191 793 Ma·
1233 718 1408 800 21.1u1u.

199 831 401 910 similiani
412 833 608 905 offensione
621 851 806 925 nunquam
819 827 969 901 audisse.
1018 821 1067 896 Et
1078 836 1191 920 putat,
1751 814 1942 914 Philippus
1954 815 2179 892 Melantbon.

202 937 369 1031 usurpari
381 935 499 1030 posse,
523 935 621 1028 quod
637 933 694 1002 ius
707 929 891 1024 publicum
905 927 1080 1016 concedit3
1107 940 1191 998 sunt
1662 925 1669 936 ’

204 1041 318 1122 enim,
342 1054 384 1112 ut
398 1039 485 1123 scis,
513 1027 796 1132 separatienem.
847 1029 918 1102 Sed
935 1043 1055 1102 nostra
1071 1025 1203 1124 philo-v

203 1136 329 1236 sophia
359 1163 434 1210 non
449 1132 488 1235 8)
517 1137 710 1209 subtilitate
736 1131 1089 1218 iurisconsultorum,
1129 1131 1192 1200 sed

202 1245 273 1314 alia
310 1243 464 1337 quadam
500 1235 711 1310 humaniore
743 1237 882 1307 ratione
918 1229 1006 1304 haec
1037 1231 1193 1304 metitur.

203 1343 391 1416 Caeterum
415 1343 512 1438 quod
531 1342 689 1432 fingunt,
729 1336 947 1428 inscripsisse
967 1331 1102 1406 Ducem
1127 1332 1193 1406 Sa-

203 1448 332 1517 xouiae
363 1442 613 1516 Romanomm
643 1423 914 1532 imperatorem,
958 1431 1055 1508 haud
1085 1435 1193 1506 dubie

205 1546 493 1619 commenticium
519 1558 589 1630 est,
625 1555 661 1616 et
682 1541 825 1631 coargui
844 1539 948 1610 facile
968 1537 1193 1608 mendacium
1279 1596 1282 1608 ,
1390 1547 1478 1623 Epio.
1493 1545 1540 1604 tib.
1555 1545 1605 1605 vt.
1623 1547 1770 1622 petsqq.

204 1661 336 1742 potest,
360 1648 444 1743 quia
460 1647 561 1718 aiunt
574 1645 615 1715 in
630 1644 740 1716 altero
757 1643 865 1712 latere
881 1637 1049 1712 Carolum
1066 1637 1194 1709 inscri-

206 1764 307 1845 ptum
321 1773 406 1826 esse.
457 1747 529 1821 Sed
543 1743 608 1818 has
623 1765 735 1836 nugas
748 1742 886 1816 omitto.

305 1849 459 1924 Librum
475 1842 665 1946 Alphonsi
685 1845 778 1926 vidi,
812 1857 847 1914 et
869 1843 959 1936 legi,
990 1839 1042 1914 mi
1063 1839 1196 1914 Hiero-

166 2001 169 2018 ·
205 1977 325 2050 nyme.
384 1951 425 2026 si
447 1952 510 2048 qui
531 1951 605 2020 illis
623 1942 873 2044 Sycophantiis
895 1958 931 2016 et
953 1943 1196 2016 deliramentis
1239 1921 1284 2015 S.
1307 1941 1354 2020 D.
1404 1941 1453 2018 Ut
1479 1955 1557 2036 post
1579 1941 1775 2034 praelium,
1814 1942 1863 2015 ita
1889 1957 1969 2037 post
1992 1961 2234 2019 conventuum

207 2055 492 2126 adversariorum
523 2052 759 2135 delectantur,
801 2071 878 2118 nou
908 2047 1083 2140 impedio,
1123 2067 1195 2138 quo
1240 2046 1371 2134 exitus,
1401 2040 1489 2116 haec
1511 2045 1629 2116 civilia
1649 2045 1840 2116 certamina
1856 2047 1982 2117 melius
1997 2051 2136 2118 narrari
2151 2075 2235 2142 pos-

206 2157 326 2228 minus
349 2157 526 2229 fruantur.
576 2149 653 2245 Ego
676 2150 800 2222 utilem
822 2149 1020 2220 doctrinam
1042 2147 1197 2239 comple·
1242 2161 1336 2236 sunt.
1385 2143 1478 2220 Cum
1498 2147 1609 2238 igitur
1630 2147 1735 2216 finem
1758 2143 1964 2224 Conventus
1988 2145 2104 2220 adhuc
2127 2176 2234 2244 cxpe-

207 2282 274 2331 xus
294 2281 372 2330 sum
393 2257 433 2328 in
455 2257 561 2342 locis,
593 2255 633 2326 in
652 2249 844 2337 Romanis,
859 2250 917 2320 -in
938 2247 1097 2322 Daniele.
1146 2245 1198 2316 Hi
1242 2263 1394 2336 stemus,
1426 2251 1589 2319 nondum
1613 2251 1658 2318 de
1679 2272 1721 2320 eo
1745 2249 1827 2320 satis
1849 2250 1954 2344 plane
1976 2253 2128 2322 scribere
2149 2279 2234 2346 pos-

106 2405 107 2413 .
210 2360 297 2432 libri
313 2359 396 2430 satis
410 2361 626 2452 respondent
639 2353 866 2439 adversariis,
894 2376 960 2422 nec
977 2351 1060 2422 volo
1076 2349 1198 2439 singu·
1242 2376 1332 2424 sum.
1393 2349 1465 2421 Sed
1492 2351 1645 2420 narrabo
1670 2345 1873 2437 historiam,
1914 2375 2003 2446 quae
2036 2357 2235 2445 praecessit,

208 2463 255 2533 lis
269 2457 429 2534 hostibus
443 2460 637 2554 peculiares
651 2455 879 2528 refutationes
896 2475 1086 2550 opponere.
1124 2449 1198 2522 Ge·
1243 2476 1350 2549 quam
1373 2453 1444 2522 scio
1470 2451 1536 2522 tibi
1559 2452 1753 2522 iucundam
1777 2453 1870 2524 lectu
1893 2455 1987 2540 lore,
2024 2451 2115 2524 m'ihi
2139 2473 2234 2530 certe

209 2564 434 2636 rimuscuim
455 2563 590 2633 bellum
609 2582 689 2630 cum
711 2557 937 2640 centimanis,
962 2569 1004 2626 ut
1022 2553 1140 2638 vides,
1164 2566 1199 2622 et
1244 2554 1414 2650 spectanti
1437 2553 1506 2625 suit
1519 2553 1785 2628 iucundissima.
1835 2553 2047 2650 Priusquam
2064 2555 2236 2652 Princeps

211 2665 363 2738 subinde
391 2687 433 2735 ex
463 2663 633 2753 sanguine
657 2659 819 2753 priorum
847 2653 1084 2750 sophistarum
1113 2655 1199 2724 novi
1245 2655 1439 2750 publicavit
1458 2657 1590 2726 librum
1613 2653 1883 2726 Instaurationis
1899 2653 2156 2746 Ecclesiarum,
2181 2661 2236 2732 le-

209 2779 415 2850 nascuntnr,
438 2761 760 2853 utdeGigantibus
773 2771 895 2853 poetae
909 2759 1079 2831 scribunt.
1110 2756 1200 2843 Scis,
1244 2783 1324 2850 gere
1347 2773 1381 2830 et
1402 2758 1543 2851 penitus
1563 2779 1771 2848 cognoscere
1791 2782 1871 2827 eum
1885 2757 1958 2848 ipsc
1971 2761 2096 2834 voluit.
2146 2759 2237 2834 Per-

210 2893 269 2939 me
289 2863 528 2940 methodicam
552 2863 731 2936 scribendi
752 2875 788 2933 ct
807 2861 1004 2932 disserendi
1024 2859 1198 2931 rationem
1244 2860 1380 2932 sinebar
1395 2855 1482 2932 haec
1499 2859 1682 2950 diligentia
1705 2861 1750 2930 ad
1774 2861 1850 2929 eius
1869 2861 2043 2946 officium,
2074 2875 2108 2934 et
2130 2863 2236 2936 laude

212 2971 372 3060 elegisse,
396 2981 438 3040 ut
452 2992 508 3040 res
524 2961 670 3062 bene⁷),
703 2963 829 3036 ordine
846 2977 880 3034 et
894 2963 1075 3056 perspicue
1089 2961 1201 3054 expli·
1245 2963 1352 3053 digna
1368 2975 1431 3036 est.
1482 2959 1553 3034 Sed
1574 2962 1688 3050 multo
1711 2963 1822 3052 magis
1841 2961 1989 3032 miratus
2007 2987 2085 3034 sum
2102 2965 2177 3037 eius
2196 2968 2237 3036 in

212 3086 378 3144 canentur
406 3072 451 3141 ad
477 3067 691 3163 posteritatis
718 3067 919 3138 utilitatem.
977 3061 1025 3135 Et
1047 3066 1092 3134 de
1113 3064 1200 3132 meis
1245 3063 1475 3136 auscultando
1492 3063 1722 3134 attentionem
1737 3077 1771 3134 et
1786 3065 2045 3150 assiduitatem,
2071 3079 2105 3138 et
2121 3067 2159 3136 in
2175 3093 2238 3138 ex-

213 3174 353 3267 scriptis
375 3173 548 3244 iudicium
575 3171 680 3242 bonis
700 3169 884 3260 permitto,
925 3179 960 3237 et
979 3163 1094 3236 Deum
1124 3173 1201 3249 oro,
1246 3165 1442 3258 pendendis
1466 3189 1506 3236 ac
1536 3165 1767 3235 emendandis
1795 3165 1882 3236 locis
1907 3167 2174 3240 obscurioribus
2200 3185 2238 3244 et

212 3289 254 3346 ut
266 3275 432 3346 studiosis
448 3287 483 3344 et
495 3287 530 3345 et
543 3270 721 3343 Ecclesiae
739 3270 888 3362 prosint.
925 3266 1088 3338 Proiecto
1102 3267 1200 3338 aliud
1245 3264 1508 3338 horridioribus
1524 3265 1769 3357 prudentiam,
1800 3282 1835 3339 et
1857 3267 1896 3337 in
1915 3269 2129 3360 disputando
2153 3294 2238 3343 eru-

1234 1189 1431 1315 Q.
2099 1189 2233 1263 retur.

2099 1286 2234 1314 Μ

1539 1461 1546 1467 ,
1584 1369 1625 1457 1.
1658 1363 1880 1458 Caesareo.

1290 1699 1516 1781 Clarissimo
1532 1713 1564 1780 ct
1580 1701 1810 1880 DoCctimimo
1829 1699 1947 1789 Viro,
1975 1699 2005 1778 I
2008 1699 2184 1782 chunni

1664 1829 1851 1878 cesaree

213 3372 308 3448 nihil
322 3376 361 3446 in
373 3372 430 3446 his
445 3374 628 3446 laboribus
641 3367 838 3465 unquam⁸)
854 3369 1024 3462 spectavi3
1055 3393 1130 3438 non
1146 3369 1201 3436 di·
1246 3369 1430 3444 ditionem.
1481 3366 1627 3440 Tribuit
1643 3368 1800 3463 quinque
1816 3369 1940 3440 diebus
1957 3371 2150 3442 matutinas
2168 3369 2239 3444 ho-
2350 3363 2351 3456 ζ

213 3479 307 3549 mico
323 3479 367 3548 de
382 3477 485 3548 laude
499 3474 654 3566 ingenii,
685 3495 751 3543 nec
765 3485 883 3542 tamen
900 3472 949 3542 ita
967 3493 1024 3540 me
1044 3469 1118 3561 ipse
1138 3472 1202 3539 de·
1246 3495 1303 3542 ras
1333 3471 1459 3565 quinas
1488 3463 1572 3541 huic
1601 3471 1870 3557 auscultationi,
1916 3467 2087 3546 adhibitis
2119 3471 2240 3546 Coad-

214 3580 338 3673 spicio,
362 3592 404 3650 ut
419 3579 476 3649 vel
487 3569 721 3674 Alphonsum
736 3574 850 3658 illum,
871 3573 929 3642 vel
939 3565 1203 3670 Aquonsum⁸),
1246 3573 1374 3658 iutore,
1397 3563 1770 3666 ComitcStnIbcrgs'o,
1794 3571 2038 3662 Husmnnnn,
2061 3567 2240 3676 Lensps'o,

214 3683 279 3777 qui
293 3680 464 3753 Coloniae
479 3681 550 3750 iam
566 3676 720 3768 scripsit:
752 3675 866 3745 levius
883 3697 1025 3767 peccare
1040 3675 1203 3744 sacerdo-
1246 3667 1413 3746 Buclsslo
1434 3687 1470 3745 et
1487 3697 1555 3748 me.
1621 3669 1865 3746 Attentissime
1889 3676 2027 3750 audivit
2050 3677 2120 3768 lcgi
2143 3680 2241 3752 iute-

217 3797 289 3854 tem
309 3807 390 3853 cum
409 3795 551 3852 centum
575 3778 699 3850 scortis
721 3775 927 3869 polluitur,¹
943 3799 1051 3869 quam
1067 3775 1098 3845 si
1114 3801 1204 3846 uxo-
1247 3799 1349 3868 grum
1363 3799 1464 3870 opus.
1514 3774 1663 3866 Quoties
1679 3777 1832 3848 occurrit
1845 3777 1944 3848 locus
1961 3778 1998 3846 in
2014 3773 2084 3874 quo
2099 3781 2240 3875 aliquid

215 3907 291 3954 rem
324 3885 446 3970 ducat,
482 3877 574 3952 mihi
604 3879 808 3953 anteferam.
865 3870 972 3964 Scio,
1009 3877 1204 3971 praedicari
1248 3878 1480 3964 desideravit,
1503 3902 1542 3948 re
1563 3879 1759 3970 disputata,
1786 3891 1947 3950 accurate
1962 3879 2051 3953 dixit
2066 3883 2152 3976 quid
2167 3885 2240 3956 sibi
2349 3913 2350 3942 t

216 3978 467 4084 Alphonsum‚
493 3997 528 4056 et
542 4007 617 4054 non
633 3981 764 4068 miror,
796 4003 877 4052 eum
892 3980 1028 4073 placere
1043 3976 1204 4050 hostibus
1247 3981 1446 4066 videretur,
1476 3991 1511 4050 et
1530 3980 1663 4050 auditis
1677 3979 1829 4051 aliorum
1846 3981 2049 4069 sententiis,
2078 3985 2135 4054 vel
2155 4009 2241 4056 mu·
2349 3961 2350 3988 ³

215 4088 359 4162 nostris.
458 4084 554 4158 Illud
569 4085 697 4170 miror,
722 4083 913 4177 quosdam,
943 4082 1006 4174 qui
1020 4082 1123 4152 uobis
1138 4069 1203 4151 'vo-
1249 4081 1347 4168 tari,
1374 4082 1432 4152 vel
1451 4081 1622 4152 illustrari
1643 4103 1720 4152 eam
1742 4094 1879 4174 partem
1905 4083 2025 4169 iussit,
2062 4087 2239 4180 quaedam

218 4189 300 4258 lunt
313 4187 428 4258 videri
443 4187 564 4272 amici,
597 4183 764 4256 delectari
784 4183 910 4256 talium
930 4182 1105 4253 librorum
1125 4181 1205 4253 lau·
1248 4183 1406 4276 ipsesuo
1426 4181 1558 4254 iudicio
1573 4195 1667 4264 recte
1683 4183 1894 4257 emendavit.
1943 4183 2078 4257 Multas
2094 4201 2243 4262 contro-

218 4291 343 4374 dibus,
368 4311 438 4383 qua
454 4311 493 4360 re
507 4286 792 4358 malevolentiam
809 4308 908 4356 suam
924 4283 1132 4374 significant.
1248 4283 1380 4356 versias
1398 4285 1602 4376 dogmatum
1624 4283 1672 4356 ita
1694 4285 1816 4356 dextre
1838 4285 2065 4376 diiudicavit,
2095 4303 2136 4362 nt
2159 4291 2242 4362 ani-

318 4387 438 4462 Hodie
460 4388 604 4460 venient
618 4387 740 4478 Legati
757 4378 955 4470 Coloniam
977 4384 1115 4454 missia
1137 4407 1205 4455 no-
1248 4387 1503 4459 madverterem
1526 4409 1583 4457 res
1603 4397 1720 4458 tantas
1744 4387 1779 4458 ei
1800 4387 1864 4458 diu
1885 4387 2052 4478 cogitatas
2074 4413 2163 4479 esse,
2204 4409 2241 4468 et
2348 4439 2349 4456 .

218 4493 319 4580 stris;
351 4487 482 4562 horum
503 4489 650 4561 nomina
670 4490 764 4580 apud
781 4487 826 4563 D.
842 4485 1024 4559 Decanum
1043 4487 1213 4580 exploras
1249 4489 1423 4582 integram
1434 4483 1613 4560 Ecclesiae
1631 4487 1829 4559 doctrinam
1844 4501 1939 4560 recte
1952 4492 1998 4562 ab
2016 4515 2057 4562 eo
2075 4493 2241 4588 intelligi.
2348 4521 2349 4566 l

217 4595 275 4668 bis
289 4607 324 4667 et
339 4587 431 4664 mibi
447 4593 589 4666 scribes.
639 4588 759 4660 Velim
776 4590 881 4660 etiam
902 4602 938 4660 te
958 4587 1153 4678 significare
1174 4591 1206 4660 si
1249 4587 1332 4665 Scio
1354 4613 1484 4685 paucos
1502 4584 1569 4662 hac
1592 4589 1716 4662 iudicii
1738 4591 1945 4662 dexteritate
1961 4595 2139 4684 praeditos
2155 4620 2241 4686 esse,

215 4697 306 4792 quid
327 4707 447 4766 tamen
469 4693 617 4778 audisti,
655 4715 745 4788 quae
768 4691 840 4762 sint
858 4691 948 4760 lacta
969 4683 1206 4785 προκρίματα
1250 4717 1341 4788 quac
1359 4693 1504 4788 quidem
1525 4703 1561 4763 et
1580 4689 1716 4783 ingenii
1737 4692 1812 4762 vim
1833 4693 2022 4784 significat,
2060 4709 2094 4767 et
2118 4721 2240 4770 curam

218 4789 470 4920 nsplflsfitiov
485 4789 723 4894 πεμφθέντος
731 4787 773 4891 ¹⁰)
795 4785 898 4888 παρὰ
919 4784 1206 4891 ἀρχιεπισκόπου
1250 4809 1355 4888 atquc
1371 4793 1606 4866 intentionem
1618 4793 1731 4865 animi
1745 4785 1851 4888 quam
1866 4819 1971 4866 nemo
1980 4789 2147 4886 adhibet,
2169 4801 2242 4874 nisi

219 4980 442 4998 m

1251 4998 1338 5068 situs
1365 4997 1459 5072 liber
1484 4997 1643 5070 caelestis
1664 4995 1846 5069 doctrinas
1870 4997 1915 5068 ad
1938 5005 2105 5086 manum,
2143 5003 2241 5078 iuxta

219 5128 224 5140 »
250 5081 281 5154 *l
300 5081 368 5140 00⁶·
381 5081 493 5138 Monac.
506 5079 549 5137 ⁸⁸·
563 5087 744 5136 nonnosus
1250 5091 1416 5170 Lutlseri
1437 5099 1657 5188 versionem,
1694 5121 1818 5172 recens
1840 5099 1970 5172 editam
1994 5099 2240 5200 Witcbcrgae.

250 5169 281 5238 7)
300 5165 369 5222 cot.
384 5166 496 5222 Monac.
507 5163 551 5221 88.
565 5166 665 5220 bonne.

250 5255 280 5322 8)
300 5249 369 5310 cot.
382 5251 493 5308 Monac.
506 5251 548 5306 88.
563 5265 717 5318 nonnarum.

250 5339 280 5408 9)
300 5338 369 5394 Cod.
382 5337 495 5392 Monac.
507 5334 550 5390 88.
565 5335 730 5402 Aquorscm.
833 5365 839 5388 .

250 5425 300 5492 ιο)
317 5421 385 5478 cas.
400 5421 512 5476 uanae.
524 5421 567 5478 so.
581 5420 755 5492 arnamar.
1288 5420 1333 5492 u)
1350 5417 1731 5494 connumeratam,
1751 5407 1890 5480 mnam.

1251 4895 1314 4990 qui
1339 4920 1422 4968 vere
1446 4892 1565 4968 Deum
1594 4895 1709 4968 colere
1733 4909 1768 4968 ct
1791 4895 1957 4968 iuvocare
1986 4899 2095 4992 cupit.
2150 4897 2242 4976 Erat
2347 4903 2348 4948 l
