4754 5806
105 193 129 270 9
685 175 1125 264 PPlSTOLARUM
1173 179 1280 260 utu.
1319 182 1384 264 tx.
1437 179 1569 260 1543.
2097 191 2145 271 tu

105 363 359 460 sliqcrsntispcr
382 361 570 446 sedantur,
600 381 647 432 ue
668 354 920 430 foetificantem
943 349 1101 450 Halcyo-
1136 353 1315 446 'permitto
1331 350 1464 428 iudicio
1479 353 1626 446 piorum¹
1635 365 1670 431 et
1685 347 1892 448 doctorum,
1923 385 2014 458 quos
2036 361 2142 436 etiam

86 477 184 540 ‘nem
202 466 410 558 impediant.
463 461 571 554 Quod
595 461 704 551 igitur
723 456 822 542 Deus
844 457 1100 550 aliquantisper
1150 457 1222 528 scio
1237 457 1427 528 candorem
1444 456 1483 526 in
1500 457 1691 532 iudicando
1706 457 1886 538 adhibere.
1936 461 1986 538 Et
1998 480 2041 538 ut
2055 465 2144 536 alias

159 569 417 668 nquillitatem,
451 580 620 662 tanquam
644 558 842 654 Halcyonia
863 553 921 631 his
943 557 1100 650 regioni·
1150 558 1199 629 ita
1215 581 1311 628 nunc
1327 570 1491 628 testatum
1508 559 1589 631 volo
1605 562 1649 630 de
1667 563 1899 654 dignitatibus
1914 569 2145 638 meconem,

193 671 312 756 dedit,
344 671 430 746 dum
446 663 682 758 Evangelium
699 661 935 748 illucesceret,
957 681 1101 750 agamus
1150 683 1229 730 sum
1251 659 1476 730 eeclesiarum
1500 675 1701 734 nostrarum
1724 667 1907 758 amplecti,
1940 693 2044 762 quem
2062 665 2144 762 qui-

21 793 47 858 '·,
106 759 298 866 eigratias,
323 783 357 844 et
371 769 466 840 veris
480 793 521 840 ac
540 769 609 862 piis
632 763 724 836 votis
746 777 905 856 petemus
925 761 1101 856 tranquil·
1151 763 1232 832 dem
1254 761 1488 834 certissimum
1512 775 1565 833 est
1583 787 1665 834 vere
1688 789 1761 836 esse
1781 792 1991 840 consensum
2014 773 2144 862 perpe·

45 859 91 972 lg.
106 877 240 948 litatem
262 875 301 944 in
323 857 526 966 postemm',
564 883 605 940 ut
628 867 794 938 iuventus
816 863 874 958 pie
897 862 1041 934 educari
1061 885 1101 934 ac
1150 877 1253 934 tuum
1269 862 1432 933 ecclesiae
1447 858 1638 936 catholicae
1650 863 1729 936 Dei.
1780 867 1866 940 ldeo
1881 884 1916 940 et
1927 871 2060 942 iudicio
2076 895 2145 940 no·

75 955 226 1048 ''doceri
250 987 377 1070 queat,
417 987 451 1044 et
472 986 513 1044 ut
534 966 675 1044 honesti
704 979 739 1036 et
767 965 818 1057 pii
848 963 1101 1056 gubernatores
1150 979 1303 1036 strarum
1326 963 1551 1034 ecclesiarum
1571 967 1691 1038 omnia
1716 993 1794 1039 mea
1823 972 1951 1064 scripta
1983 972 2147 1044 subiicio.

107 1077 333 1170 disciplinam
354 1097 474 1165 regere
498 1089 532 1146 et
552 1069 645 1144 tueri
668 1067 815 1160 possint·
880 1061 960 1138 Etsi
983 1079 1101 1136 autem
1151 1063 1242 1138 Cum
1259 1081 1378 1136 autem
1392 1065 1562 1138 usitatum
1579 1068 1625 1139 sit
1637 1067 1864 1162 Principibus
1879 1074 2041 1144 dedicare
2058 1073 2146 1144 scri-

107 1173 449 1278 semperEcclesiam
462 1197 608 1266 magnae
623 1169 846 1242 difficultates
860 1179 1103 1254 exercuerunt,
1150 1181 1233 1264 pta,
1266 1181 1301 1240 et
1323 1161 1383 1238 hic
1403 1191 1480 1238 mos
1502 1169 1632 1240 multas
1655 1165 1784 1243 habeat
1804 1175 2004 1266 probandas
2017 1190 2051 1248 et
2066 1199 2147 1272 gra-

108 1295 226 1355 tamen
241 1292 276 1352 et
295 1303 351 1350 res
373 1278 548 1362 ostendit,
574 1289 609 1348 et
622 1269 719 1344 Deus
743 1269 918 1364 praedixit
937 1269 1101 1340 ultimam
1151 1293 1212 1347 ves
1245 1293 1386 1356 causas,
1427 1264 1520 1340 hanc
1553 1269 1837 1344 lucubrationem
1867 1277 1933 1346 tibi
1967 1275 2147 1351 illustriss.

107 1381 234 1452 mundi
265 1393 439 1454 senectam
467 1380 623 1466 suturam
652 1373 766 1444 multo
799 1372 1102 1444 aerumnosiorcrn
1151 1369 1321 1462 Princeps
1336 1370 1498 1446 dedicare
1510 1372 1632 1466 volui,
1661 1389 1703 1446 ut
1714 1401 1794 1446 cum
1809 1378 2026 1449 voluntatem
2048 1393 2146 1450 tuam

108 1482 351 1574 superioribus
378 1481 564 1554 aetatibus.
621 1475 695 1548 Nec
723 1497 808 1544 vero
837 1473 968 1544 frustra
999 1497 1102 1566 prac—
1154 1497 1234 1564 erga
1247 1471 1441 1544 Ecclesiam
1459 1469 1611 1562 Christi,
1641 1489 1675 1546 et
1698 1471 1846 1548 honesta
1870 1481 1985 1551 studia
2010 1477 2149 1550 laudari

109 1585 283 1656 dictiones
304 1583 418 1654 editae
439 1594 541 1667 sunt,
573 1577 652 1650 vult
676 1599 734 1648 eas
756 1573 826 1666 legi
846 1571 963 1660 Deus,
995 1587 1036 1646 ut
1053 1573 1103 1666 pii
1152 1575 1313 1660 audiam,
1344 1573 1499 1645 vicissim
1521 1571 1613 1647 hanc
1633 1589 1731 1648 tuam
1746 1579 1914 1652 virtutem
1931 1577 2148 1652 scholasticis

108 1698 319 1778 praeparent
337 1684 475 1754 animos
499 1683 543 1752 ad
566 1675 777 1770 multiplicia
801 1675 1014 1762 certamina,
1047 1677 1104 1745 di·
1153 1677 1371 1768 praedicem,
1413 1701 1542 1770 eosque
1566 1673 1751 1764 adhorter,
1793 1705 1828 1750 se
1852 1685 1895 1752 ad
1921 1685 2092 1756 amandos
2114 1695 2150 1752 et

108 1801 207 1858 scant
223 1810 313 1882 quae
329 1785 375 1856 sit
390 1809 472 1854 vera
491 1782 557 1854 Dei
574 1777 751 1864 Ecclesia,
782 1775 821 1846 in
845 1801 915 1870 que
937 1776 1104 1848 videlicet
1153 1781 1373 1848 venerandos
1394 1777 1509 1848 bonos
1531 1793 1566 1852 et
1588 1781 1758 1852 salutares
1781 1781 1964 1880 Principes
1987 1786 2150 1858 adsuesa-
2190 1835 2192 1840 .

108 1902 212 1958 sonat
227 1911 294 1956 vox
312 1883 500 1975 Evangelii
515 1884 581 1954 filii
595 1879 682 1966 Dei,
713 1879 827 1950 sciant
843 1873 935 1948 hanc
955 1877 1104 1950 dimica·
1154 1881 1266 1966 ciant,
1298 1893 1332 1950 et
1348 1879 1497 1950 assiduis
1515 1882 1678 1972 precibus
1695 1881 1772 1955 Deo
1792 1889 2043 1958 commendent
2056 1887 2151 1980 poli-

109 2003 225 2060 turam
249 2011 323 2058 esse
344 2011 423 2056 cum
446 1981 608 2058 hostibus
631 1977 789 2068 Christi,
821 1979 885 2074 qui
911 1980 1016 2052 nobis
1041 2004 1103 2050 sua
1153 1981 1221 2052 tias
1242 1995 1277 2051 et
1296 1981 1415 2050 fideles
1438 1983 1700 2070 gubernatores.
1766 1985 1974 2078 Magna'est
2001 1985 2151 2060 humani

109 2105 223 2160 morte
239 2089 328 2160 ham
343 2089 476 2160 aeterni
496 2086 606 2180 patris
620 2083 789 2178 placavit,
822 2093 856 2152 et
878 2082 1104 2152 resuscitatus
1154 2083 1292 2173 generis
1305 2083 1509 2168 infirmitas,
1542 2107 1691 2175 magnus
1706 2087 1807 2158 iuror
1822 2089 1975 2173 diaboli,
2011 2090 2151 2184 quiar-

110 2203 252 2280 regnat,
284 2203 326 2260 ut
350 2186 546 2260 Ecclesiam
579 2209 678 2257 suam
697 2185 819 2255 donet
851 2181 924 2252 vita
951 2197 1105 2270 aeterna,
1155 2186 1243 2256 dens
1257 2185 1341 2254 odio
1356 2181 1441 2266 Dei,
1475 2186 1566 2258 sicut
1581 2188 1715 2278 primos
1733 2204 1896 2282 parentes
1917 2193 2080 2285 impulit,
2110 2205 2152 2262 ut

108 2291 221 2362 sciant
232 2293 338 2361 finem
353 2285 481 2362 harum
499 2311 750 2360 aerumnarum
766 2285 860 2369 lore,
882 2307 963 2354 cum
980 2281 1104 2354 Eccle-
1154 2301 1299 2358 ruerent
1316 2287 1352 2356 in
1371 2281 1433 2356 has
1448 2309 1651 2358 aerumnas:
1688 2287 1922 2384 ltaperpetuo
1944 2318 2071 2366 nocere
2094 2317 2151 2364 ec-

109 2395 156 2462 sia
180 2417 225 2463 ex
245 2405 359 2464 morte
383 2393 588 2464 resuscitata
610 2387 797 2460 ornabitur
816 2399 957 2456 aeterna
981 2387 1105 2476 gloria.
1155 2388 1279 2460 clesioe
1296 2389 1432 2474 studet,
1464 2412 1505 2458 ac
1525 2391 1715 2483 praecipue
1735 2417 1874 2464 summo
1896 2395 1988 2468 vitae
2011 2395 2151 2486 fastigio

108 2495 161 2566 De
186 2490 244 2564 his
264 2495 371 2566 rebus
388 2519 467 2564 cum
485 2493 622 2585 prolixe
638 2511 704 2560 nos
718 2487 816 2560 Deus
833 2487 872 2556 in
887 2488 1017 2579 scripto
1031 2487 1105 2558 Da·
1156 2490 1356 2560 insidiatur.
1411 2487 1484 2560 Nec
1517 2492 1592 2562 ulla
1625 2505 1721 2564 tanta
1754 2509 1806 2566 est
1837 2497 2027 2588 sapientia,
2062 2519 2151 2592 quae

111 2596 216 2666 nielis
237 2597 518 2688 praemonuerit,
558 2607 758 2684 temporum
785 2587 891 2660 etiam
917 2590 1042 2658 seriem
1072 2603 1106 2662 et
1155 2605 1328 2686 quantum
1351 2591 1397 2662 sit
1419 2590 1456 2660 in
1478 2593 1576 2662 omni
1595 2595 1852 2690 gubernatione
1870 2599 2036 2690 periculi,
2067 2599 2152 2670 satis

108 2709 221 2766 metas
236 2697 357 2790 aliquo
373 2697 481 2766 modo
498 2692 742 2776 constituerit,
775 2703 867 2762 certe
882 2689 988 2760 bonis
1004 2717 1105 2762 men·
1155 2694 1341 2782 intelligat.
1402 2691 1521 2780 Quare
1554 2693 1738 2788 Principes
1770 2701 1953 2772 coniuncti
1987 2701 2152 2772 ecclesiae

108 2799 205 2868 tibus
220 2791 306 2868 haec
323 2799 427 2868 lectio
442 2799 542 2868 utilis
557 2807 618 2868 est.
670 2791 769 2883 Quid
785 2793 882 2886 quod
900 2816 969 2862 vox
990 2793 1105 2884 angeli
1155 2792 1243 2880 Dei,
1286 2793 1448 2864 omnium
1473 2795 1615 2886 piorum
1640 2800 1733 2870 votis
1755 2801 1951 2872 adiuvandi
1977 2817 2079 2886 sunt,
2112 2817 2154 2874 ut

108 2900 145 2968 in
159 2901 231 2969 fine
247 2895 354 2969 huius
371 2899 492 2991 scripti
509 2894 687 2980 hortatur,
712 2895 874 2964 ultimam
893 2907 1040 2965 aetatem
1059 2897 1104 2966 ad
1155 2895 1252 2968 Deus
1268 2910 1449 2980 aeternus,
1473 2897 1534 2990 qui
1549 2899 1610 2968 dat
1627 2900 1773 2972 salutem
1789 2900 1970 2992 Regibus,
1996 2919 2038 2976 ut
2052 2902 2152 2974 Psal-

109 2995 201 3072 hauc
222 3001 430 3086 lectionem,
461 3026 543 3072 curn
566 2999 630 3070 ait:
657 2996 776 3069 Stabis
795 2991 925 3066 Daniel
948 2995 986 3066 in
1011 3011 1105 3068 sorte
1155 3021 1235 3068 mus
1249 2996 1384 3090 inquit,
1408 2999 1558 3068 consiliu
1573 3021 1696 3072 eorum
1714 3017 1820 3092 regat,
1845 3029 1883 3075 ac
1897 3019 2153 3098 mentesatque

109 3115 168 3172 tua
182 3103 224 3170 in
241 3101 330 3187 line,
361 3103 396 3172 id
420 3115 490 3187 cst,
518 3099 675 3190 fungeris
692 3113 754 3170 tuo
771 3121 935 3182 munere,
961 3100 1105 3170 docebis
1156 3100 1307 3191 impetus
1323 3101 1366 3168 ad
1384 3123 1482 3168 suam
1500 3114 1534 3168 et
1548 3103 1728 3192 publicam
1745 3105 1895 3176 salutem
1910 3109 2039 3186 flectat.
2076 3105 2154 3180 Hae

107 3215 140 3272 et
160 3203 388 3273 confirmabis
410 3203 499 3294 pios.
555 3199 604 3272 Et
626 3195 790 3272 Christus
820 3221 894 3266 non
922 3203 1104 3270 modoad
1156 3204 1200 3272 de
1223 3225 1260 3270 re
1275 3200 1439 3270 Lectores
1463 3202 1502 3270 in
1521 3196 1589 3270 hoc
1604 3225 1730 3294 genere
1747 3207 2012 3280 dedicationum
2028 3209 2153 3280 admo-

107 3305 297 3375 lectionem
313 3305 388 3374 eius
401 3327 466 3374 nos
483 3303 645 3383 deducit,
675 3303 735 3370 sed
756 3299 862 3370 etiarn
878 3299 975 3371 iubet
990 3315 1105 3372 atten—
1155 3303 1266 3376 nendi
1281 3315 1377 3380 sunt,
1410 3300 1508 3393 lpsos
1522 3303 1626 3374 etiam
1643 3304 1826 3398 Principes
1839 3310 1943 3380 lectio
1958 3311 2152 3388 illustrium
2244 3309 2250 3320 '

107 3419 160 3478 tos
181 3407 410 3476 considerare
437 3408 482 3476 de
504 3405 646 3499 quantis
668 3405 774 3472 rebus
800 3423 866 3470 nos
888 3404 1011 3473 doceat
1032 3401 1106 3474 Da-
1156 3404 1398 3494 exemplorum
1414 3398 1578 3476 hortetur
1592 3408 1637 3476 ad
1652 3411 1952 3496 moderationem,
1983 3414 2081 3484 etad
2107 3412 2154 3482 ti-

107 3507 215 3578 nielis
246 3507 421 3604 narratio,
464 3531 557 3580 cum.
575 3499 662 3577 ait2'
684 3501 759 3594 Qui
790 3502 894 3592 legit,
936 3507 1104 3578 attendat.
1155 3530 1292 3576 morem
1309 3502 1395 3586 Dei,
1429 3530 1520 3598 quae
1543 3507 1688 3600 quidem
1710 3535 1751 3580 eo
1768 3515 1954 3604 proposuit
1970 3512 2086 3600 Deus,
2114 3527 2155 3586 ut

107 3607 224 3679 Tanta
241 3609 435 3678 autoritate
458 3631 681 3690 moveamur,
711 3619 751 3675 ut
775 3601 843 3674 hoc
867 3603 1037 3696 scriptum
1059 3607 1104 3674 li·
1156 3608 1394 3700 posteritatem
1417 3611 1461 3678 ad
1483 3608 1626 3678 virtutis
1648 3613 1805 3682 studium
1827 3630 1979 3686 vocaret.
2037 3614 2153 3701 Deum

106 3711 234 3780 benter
257 3725 291 3779 et
314 3711 472 3780 studiose
493 3711 660 3798 legamus.
720 3703 868 3776 Accedit
889 3701 975 3792 huc,
1007 3711 1102 3800 quod
1155 3724 1336 3780 aeternum
1370 3722 1507 3800 patrem
1536 3710 1737 3783 liberatoris
1765 3717 1879 3785 nostri
1914 3715 1992 3788 lesu
2009 3712 2153 3788 Christi

108 3833 229 3880 revera
261 3807 426 3904 Epitome
453 3825 504 3880 est
534 3807 702 3881 historiae
731 3806 859 3876 mundi
886 3807 971 3876 inde
991 3833 1103 3900 usque
1155 3823 1230 3881 toto
1250 3823 1391 3902 pectore
1406 3836 1490 3895 oro,
1523 3824 1566 3883 ut
1588 3825 1622 3882 te
1643 3830 1758 3886 servet
1781 3817 2017 3906 incolumem,
2049 3818 2154 3890 etita

106 3914 261 4002 aprima
278 3907 504 3994 monarchia,
537 3927 572 3982 et
591 3910 747 4000 exempla
771 3909 948 3978 bonorum
973 3921 1007 3978 et
1027 3935 1104 3978 ma·
1155 3921 1270 4000 regat,
1300 3924 1342 3980 ut
1364 3923 1424 3980 tua
1448 3912 1658 4000 gubernatio
1674 3917 1721 3986 sit
1734 3919 1846 3990 fausta
1863 3933 1899 3990 et
1914 3919 2022 3990 foelix
2039 3919 2105 3990 tibi
2122 3933 2156 3990 et

105 4013 224 4084 lorum
243 4011 451 4104 Principum
467 4013 618 4084 illustria
639 4010 819 4104 proponit.
870 4007 939 4081 Sed
965 4013 1009 4080 de
1031 4011 1104 4081 uti·
1155 4011 1305 4103 patriae,
1341 4033 1381 4080 ac
1402 4009 1583 4082 Ecclesiae
1599 4010 1754 4104 Christi,
1790 4045 1881 4112 quae
1909 4035 1961 4090 est
1983 4023 2093 4092 altera
2122 4035 2157 4094 et

105 4115 268 4186 litatibus
295 4127 415 4204 postea
440 4115 542 4204 plura
570 4113 697 4182 dicam.
761 4107 839 4200 Ego
865 4111 1029 4204 quidem,
1064 4125 1104 4184 ut
1153 4114 1273 4184 verior
1286 4105 1412 4207 patria.
1464 4110 1613 4185 Calend.
1631 4111 1733 4193 lanu.
1760 4115 2132 4200 AnnoM.D.XLlll.
2239 4128 2243 4144 ⁴

85 4211 337 4310 ,scholasticos
352 4217 394 4284 ad
413 4209 506 4286 hanc
528 4214 714 4286 lectionem
739 4213 945 4297 invitarem,
979 4213 1103 4284 breves
2135 4275 2139 4288 .
2290 4233 2324 4254 ''-

105 4317 355 4387 annotationes
390 4317 498 4390 edidi.
563 4314 654 4398 Tam
687 4315 860 4386 foecunda
894 4327 978 4383 sunt
1010 4316 1101 4384 dicta
1158 4319 2137 4344 -----------.--.....-...-.....

104 4415 391 4512 Prophetarum,
420 4431 462 4488 ut
483 4413 661 4490 exhauriri
681 4413 942 4507 nonpossint„
976 4413 1103 4504 Quen·
1153 4447 1349 4522 N042616·
1737 4447 1742 4456 ·
1979 4463 2026 4543 (in
2056 4461 2139 4548 lm)

105 4545 216 4614 qnam
241 4519 349 4609 igitur
367 4519 604 4608 magnitudini
621 4532 909 4608 argumentorum
927 4510 965 4584 hi
981 4517 1103 4604 ieiuni,
1159 4543 1331 4576 m
2030 4513 2037 4527 ’
2114 4513 2120 4524 ’

104 4636 139 4692 et
163 4621 288 4693 mutili
310 4622 555 4692 commentarii
578 4645 651 4692 non
674 4618 928 4692 satisfaciunt:
964 4618 1102 4690 Tamen
1340 4626 1577 4738 Praffagio
1609 4639 1654 4718 in
1677 4636 1962 4726 Alcomnum·

106 4726 258 4814 prodest
287 4718 508 4794 inventutem
535 4722 796 4804 commonelieri
825 4723 870 4790 de
904 4722 1102 4813 praecipuis

105 4823 279 4909 maetas,
304 4837 341 4894 ep
356 4824 582 4918 qmsidigipo
598 4824 788 4894 monstrari
805 4822 986 4908 emotus,
1012 4847 1101 4916 quos
1221 4807 1371 4868 Praemisso
1388 4811 1478 4868 libros
1507 4806 1687 4873 Manlumuts
1702 4817 1902 4874 Saracenorum
1926 4820 2056 4895 principis
2076 4823 2150 4878 eius·

188 4927 198 4944 .
247 4927 256 4944 .
593 4925 601 4941 .
657 4926 665 4944 .
851 4923 860 4940 .
1077 4925 1086 4943 ,
1255 4898 1307 4950 quc
1322 4900 1511 4938 successorum
1530 4885 1613 4956 vitae,
1630 4885 1756 4940 doctrina
1772 4887 2005 4959 acipseAlcoran
2020 4921 2152 4937 ---

104 4929 259 4997 diulltosl
280 4938 399 5018 posita
420 4949 483 4998 sua
507 4927 736 4996 medlldilone
758 4948 906 5018 propius
927 4941 1101 5012 conlitet'l,
1154 4967 1159 4974 ·
1258 4965 1311 5000 una
1326 4967 1390 5004 eum
1407 4951 1518 5005 doctiss.
1540 4951 1605 5020 siri,
1630 4951 1749 5025 Philippi
1763 4957 1979 5012 hlelanchthonis
1994 4962 2149 5029 praemoni-

105 5043 138 5098 ῃ
153 5029 322 5098 evolvere
336 5029 478 5101 (lehem.
529 5027 623 5099 Sunt
638 5042 754 5098 amem
769 5029 806 5095 in
823 5024 972 5096 Daniele
988 5028 1099 5097 multa
1255 5018 1346 5088 tione,
1363 5031 1485 5101 operest
1499 5020 1589 5074 studio
1599 5021 1912 5103 Yteeodm’lls'lilieudri.
1935 5027 2149 5088 Annuntttt,

1255 5103 1348 5168 mense
1368 5087 1471 5142 Martio
1493 5091 1524 5157 (s.
1545 5088 1575 5158 l.)
1598 5087 1701 5146 tot-
1747 5093 1790 5146 het
1814 5093 1878 5150 haec
1898 5095 2034 5164 posterior
2051 5097 2152 5166 editio;
2253 5123 2264 5148 e

105 5125 295 5212 historica,
328 5153 418 5222 quati
440 5144 533 5200 cerie
556 5130 744 5222 requirunt
764 5129 1002 5218 illierpl'eielll.
1052 5125 1101 5199 El
1253 5171 1331 5275 ppror
1360 5159 1432 5210 enirn
1458 5158 1559 5226 prodiit
1583 5161 1734 5214 seeundum
1762 5162 1842 5233 Mylii
1868 5162 2028 5236 chronolog.
2052 5167 2147 5227 libror.

103 5233 140 5302 in
156 5229 219 5302 his
231 5231 388 5301 arbitror
402 5243 559 5302 nostram
575 5231 920 5302 lucubratiunculam
936 5229 1100 5320 prolutu-
1251 5223 1387 5343 Talarus.
1406 5237 1478 5306 οπερ
1500 5225 1577 5282 ists.
1599 5237 1628 5310 gc
1652 5229 1784 5300 praetacto
1805 5231 1955 5284 uitsttaadat
1977 5231 2038 5287 daia
2052 5245 2100 5320 'est
2116 5255 2147 5292 ιι

102 5359 179 5406 ram
200 5331 410 5404 iuvenibus:
443 5331 515 5405 Sed
539 5333 715 5430 quidquid
738 5347 791 5406 est
810 5355 958 5425 operae,
984 5344 1097 5403 totum
1134 5323 1136 5334 ’
1251 5293 1616 5418 ,iiffig'ff‘ffi‘l‘m'ffll'
1631 5315 1704 5354 ”¹¹²⁰
1718 5297 1873 5356 M⁰xl¹¹l
1890 5331 1926 5342 ·
1961 5293 2101 5377 [ΜΝ
2116 5323 2146 5360 ⁶¹
