4722 5808
100 289 181 365 809

101 475 197 534 tutes
220 486 301 533 cum
327 463 435 533 fidem
458 463 642 550 aboleant,
667 466 785 558 palam
800 463 1005 548 adfirmant,
1030 463 1099 532 du-

102 565 294 636 bitandum
319 589 392 635 esse
414 567 459 636 de
483 565 692 638 remissione
716 581 960 660 peccatorum,
982 577 1099 635 caete-

101 691 185 736 rum
204 665 351 736 retineri
373 667 500 740 iubent
519 663 686 740 historiae
713 669 900 754 noticiam,
926 667 1041 762 qualis
1064 679 1099 735 et

102 768 142 837 in
158 765 312 838 diabolis
335 784 404 854 est,
429 794 519 865 quae
542 793 665 841 revera
678 785 780 861 auget
795 793 954 864 pavores.
1006 767 1097 838 Nam

101 871 167 964 qui
189 869 324 954 sciunt,
361 871 476 941 filium
506 871 565 941 dei
595 874 802 943 universum
829 895 939 963 genus
968 865 1098 940 huma-

100 995 192 1041 num
217 973 262 1040 ad
285 972 445 1042 tribunal
466 997 569 1044 suum
586 977 843 1065 producturum
860 996 933 1044 esse
949 973 988 1040 in
1003 970 1098 1042 iudi-

101 1073 219 1154 cium,
244 1097 310 1143 nec
341 1086 461 1144 tamen
494 1076 714 1160 didicerunt,
754 1077 978 1146 statuendum
1012 1095 1098 1156 esse,

101 1187 249 1266 propter
281 1176 399 1266 ipsum
425 1191 521 1246 certo
547 1178 658 1270 recipi
684 1179 887 1261 credentes,
920 1171 959 1245 hi
989 1169 1098 1245 huius

100 1276 217 1368 ipsius
237 1275 362 1346 iudicii
384 1291 482 1350 metu
500 1279 612 1368 magis
636 1303 657 1350 a
682 1281 749 1350 deo
773 1279 1019 1370 depelluntur;
1056 1288 1098 1346 ut

101 1376 251 1448 dicitur:
272 1375 473 1450 Daemones
489 1383 657 1464 credunt,
672 1397 707 1452 et
724 1380 1011 1452 contremiscunt.
1048 1371 1098 1446 At

100 1475 236 1549 Paulus
268 1480 403 1574 iuquit:
442 1481 511 1551 lide
544 1483 722 1553 iustificati
757 1507 879 1575 pacem
913 1475 1096 1550 habemus.

99 1579 215 1650 Aliud
240 1581 351 1671 igitur
371 1583 459 1653 fides
479 1595 530 1652 est
554 1585 648 1676 apud
668 1583 839 1670 Paulum,
865 1607 955 1676 quae
975 1603 1096 1673 pacem

101 1683 236 1766 adfert,
260 1679 328 1753 hoc
347 1697 418 1764 est,
444 1687 647 1755 consolatur
664 1701 698 1756 et
714 1687 818 1776 erigit
833 1685 1096 1776 perterrefactos

101 1797 260 1864 mentes,
293 1784 366 1854 imo
392 1786 503 1856 vitam
541 1789 720 1873 accendit,
745 1801 786 1858 ut
818 1787 858 1855 iu
892 1781 1095 1876 prophetica

58 1913 67 1928 ·
102 1909 189 1954 voce
209 1885 354 1955 dicitur:
385 1887 500 1958 iustus
521 1888 591 1958 fide
615 1911 675 1960 sua
699 1890 806 1962 vivet.
860 1885 910 1958 Et
931 1885 1096 1954 fiduciam

102 2009 177 2054 esse
206 1988 379 2075 gratuitae
413 1988 695 2077 misericordiae,
735 2015 805 2085 qua
828 1989 1096 2081 perterrefactos

99 2101 238 2158 mentes
258 2090 487 2182 acquiescunt
507 2091 546 2160 in
562 2093 776 2176 mediatore,
801 2104 996 2162 monstrato
1011 2111 1098 2157 voce

100 2189 374 2280 promissionis,
398 2215 539 2262 neeesse
555 2207 618 2264 est.
647 2187 651 2196 ⁴
669 2190 777 2282 Quod
792 2217 872 2264 cum
887 2193 935 2264 ita
951 2192 1015 2276 sit,
1039 2189 1098 2258 in·

100 2292 319 2382 terpretatio,
344 2317 451 2386 quam
465 2295 605 2384 tingunt
620 2295 832 2379 adversarii,
856 2295 944 2363 falsa
958 2306 992 2362 et
1005 2285 1096 2382 pha-

99 2391 228 2462 risaica
251 2394 457 2485 imaginatio
482 2409 552 2486 est,
578 2397 713 2490 sculpta
736 2421 778 2466 ex
798 2395 874 2487 lege
892 2419 955 2465 seu
977 2389 1097 2486 philo-

102 2487 251 2584 sophia,
283 2509 318 2566 et
345 2497 477 2566 multos
500 2521 636 2568 errores
659 2499 829 2572 continet.
888 2496 1026 2568 Scimus
1053 2497 1097 2564 de

102 2594 202 2664 coelo
218 2589 311 2666 hanc
324 2621 447 2667 vocem
462 2599 593 2669 editam
610 2600 655 2668 ab
672 2613 816 2670 aeterno
832 2611 947 2691 patre:
970 2592 1030 2667 hic
1045 2611 1097 2667 est

99 2695 197 2765 lilius
218 2720 318 2768 meus
333 2699 503 2787 dilectus,
536 2695 633 2792 hunc
656 2702 789 2772 audite.
849 2699 970 2771 Simus
989 2699 1098 2788 igitur

101 2798 282 2868 auditores
304 2799 371 2869 filii
393 2801 470 2886 dei,
503 2799 757 2895 prophetarum
777 2817 812 2874 et
828 2797 1096 2892 Apostolorum,

101 2912 138 2969 et
161 2921 341 2970 sumamus
365 2927 407 2972 ex
430 2903 591 2995 ipsorum
613 2927 776 2976 sermone
799 2904 1009 2987 sententias,
1035 2901 1097 2996 qui

101 3013 196 3070 certe
213 3002 366 3092 intelligi
385 3005 571 3089 volebant,
599 3019 633 3076 et
648 3029 786 3098 semper
801 3012 939 3076 coetum
959 2997 1096 3074 habue-

100 3115 188 3172 runt
203 3127 278 3172 non
294 3106 518 3176 aberrantem
531 3109 576 3176 ab
592 3131 715 3178 eorum
730 3108 923 3192 senteutia3
950 3106 1022 3174 imo
1034 3105 1097 3198 qui

99 3205 371 3292 intellexerunt,
404 3221 540 3278 mentes
565 3203 754 3279 hominum
782 3211 911 3280 debere
941 3207 1097 3278 inclusas

102 3306 198 3374 intra
221 3308 370 3378 verbum
396 3308 472 3394 dei,
497 3311 548 3380 ibi
573 3312 621 3379 ali
637 3311 809 3380 divinitus
830 3310 1010 3400 agnitione
1032 3335 1097 3378 vo-

101 3405 250 3477 luntatis
281 3410 360 3494 dei,
392 3411 485 3482 sicut
507 3412 622 3482 foetus
652 3414 691 3480 in
716 3413 796 3482 alvo
820 3412 944 3482 matris
970 3413 1095 3481 sedens

100 3531 177 3577 non
192 3511 327 3600 rumpit
336 3503 469 3606 χόριον
485 3514 597 3582 donec
619 3514 751 3584 iustum
772 3528 911 3606 tempus
932 3512 1097 3604 pariendi

99 3609 220 3696 venit,
245 3634 285 3680 ac
300 3613 435 3683 interea
451 3615 503 3684 ihi
520 3627 680 3685 materno
698 3617 786 3686 lacte
809 3629 844 3686 et
859 3615 974 3684 calore
996 3616 1096 3684 fove-

99 3724 171 3782 tur.
216 3709 299 3782 Non
315 3715 481 3786 ludamus
495 3717 602 3786 variis
617 3718 969 3809 interpretationibus
985 3716 1096 3804 ligen-

100 3813 174 3898 dis,
201 3826 243 3884 ut
259 3814 392 3887 ludunt
405 3819 623 3906 grammatici
641 3821 800 3889 texendis
825 3819 1003 3908 allegoriis
1017 3815 1096 3886 Ho-

99 3914 208 4000 meri3
246 3940 360 3986 unum
387 3933 439 3990 cst
465 3921 560 3990 enim
587 3946 710 3992 verum
736 3921 885 4011 simplex
911 3935 945 3990 et
968 3944 1095 4010 perpe-

100 4031 205 4086 tuum
228 4039 338 4106 genus
362 4021 545 4092 doctrinae
569 4018 776 4112 Evangelii,
802 4024 898 4115 quod
922 4023 1008 4092 deus
1025 4017 1096 4091 Ec-

99 4117 226 4187 clesiae
236 4143 318 4189 suae
331 4123 480 4194 tradidit
493 4119 577 4194 inde
592 4149 704 4218 usque
718 4126 762 4194 ab
776 4125 880 4194 initio
895 4148 957 4214 per
970 4123 1096 4208 filium,

97 4233 235 4310 patres,
259 4219 449 4314 prophetas
466 4239 499 4296 et
518 4226 728 4316 Apostolos,
753 4228 849 4320 quod
873 4226 1009 4296 etiamsi
1027 4225 1096 4292 im-

97 4321 150 4412 pii
172 4347 317 4412 prorsus
334 4325 508 4398 abiiciunt
533 4341 567 4398 et
589 4328 707 4418 ignavi
724 4351 826 4418 saepe
839 4328 1095 4405 contaminant,

99 4435 238 4507 tamen,
272 4449 318 4494 ne
343 4451 426 4496 vera
452 4428 631 4500 invocatio
654 4431 712 4499 dei
734 4431 772 4498 in
795 4430 898 4498 terris
923 4429 1095 4510 deleatur,

99 4524 252 4594 subinde
281 4527 438 4598 mirabili
460 4531 518 4600 dei
547 4531 706 4602 bonitate
729 4533 913 4603 instaurat.
973 4529 1095 4598 Idio-

98 4638 294 4696 stauratum
318 4653 416 4700 nunc
440 4657 582 4725 quoque
605 4635 799 4718 discamus,
830 4633 1094 4724 amplectamur,

99 4727 333 4814 retineamus,
361 4745 395 4800 et
419 4735 567 4824 posteris
589 4736 724 4804 sincere
739 4737 931 4806 tradamus.
982 4731 1095 4820 Lega-

98 4853 179 4900 mus
203 4827 456 4922 prophetarum
489 4849 522 4904 et
545 4831 798 4927 Apostolorum
824 4837 970 4927 scripta,
1004 4859 1093 4926 quac

98 4929 196 5000 Deus
219 4956 294 5002 non
317 4935 447 5006 frustra
463 4936 561 5006 dedit
577 4933 738 5008 humano
755 4939 892 5028 generi,
917 4937 1013 5030 quod
1030 4936 1092 5029 qui

97 5031 229 5105 facient
244 5035 303 5126 pio
317 5039 454 5124 studio,
479 5039 523 5108 iis
545 5037 723 5110 illucescet
746 5041 807 5110 lux
820 5037 1026 5130 Evangelii,
1054 5052 1092 5108 ut

98 5135 270 5225 scriptum
288 5151 355 5207 est:
381 5135 479 5210 Deus
495 5154 562 5225 est,
585 5142 648 5235 qui
663 5141 788 5226 efficit,
813 5153 853 5210 ut
870 5141 986 5210 velitis
1000 5153 1035 5209 et
1053 5153 1093 5210 ut

98 5237 299 5328 perficiatis.
349 5236 441 5309 Cum
456 5267 599 5314 accensa
617 5259 668 5314 est
684 5243 723 5312 in
739 5237 845 5313 corde
859 5243 1030 5327 scintilla,
1052 5254 1092 5311 ut

97 5363 180 5407 vere
196 5363 291 5409 ames
307 5341 508 5430 veritatem,
533 5347 669 5418 etiamsi
683 5362 717 5418 te
734 5347 773 5414 in
788 5339 1010 5439 labyrinthos
1024 5343 1091 5412 ali-

98 5463 187 5533 quos
203 5441 371 5513 iuducere
387 5445 474 5516 mali
492 5449 651 5519 doctores
667 5450 909 5534 conabuntur,
933 5460 974 5518 ut
989 5469 1090 5538 saepe

675 287 1108 367 EPISTOLARUM
1166 287 1373 367 mmlx.
1428 285 1562 366 1⁶45.

2003 333 2013 342 ·
2073 287 2148 363 tto

1153 463 1228 546 fiet,
1253 475 1371 532 tamen
1387 462 1472 531 deus
1489 473 1752 553 respectantem,
1766 473 1801 532 te
1821 461 1866 530 ad
1880 461 1996 531 fontes
2018 459 2148 550 gober-
2214 457 2217 464 ’

1152 565 1269 644 nabit,
1303 587 1348 633 ne
1370 565 1520 638 aberres.
1581 562 1658 634 Hac
1680 587 1741 656 spe
1765 564 1921 653 legamus
1947 562 2145 632 doctrinam

1151 665 1324 735 divinitus
1345 666 1527 752 traditam,
1553 679 1586 736 et
1606 667 1778 736 addamus
1801 665 1962 736 ardentia
1980 677 2078 752 vota,
2102 677 2145 736 ut

1151 769 1238 838 deus
1254 769 1369 838 studia
1386 781 1506 839 nostra
1528 782 1634 858 regat.

1148 1177 1216 1248 No.
1232 1176 1344 1250 3256.
1428 1199 1434 1210 ’

1156 1273 1329 1304 W

1848 1181 1993 1261 (ineunte
2008 1179 2119 1266 Aug.)

1529 1378 1765 1466 Saeuam.

1252 1543 1359 1619 Scripta
1373 1543 1449 1617 publ.
1463 1541 1591 1600 Wmeb.
1608 1543 1630 1600 l.
1650 1564 1677 1617 p.
1694 1544 1781 1602 182³·

1301 1697 1402 1774 Phil.
1427 1697 1657 1773 Melanthea
1685 1699 1736 1788 (S
1745 1697 1984 1795 ludiosis).
2015 1797 2019 1806 ἱ

1149 1825 1300 1910 Paulus
1315 1840 1358 1908 ad
1373 1831 1548 1928 Ephesios
1563 1835 1702 1920 scribit,
1717 1836 1891 1927 singulari
1906 1863 1972 1930 ope
1986 1833 2055 1908 Dei
2070 1859 2144 1908 ser-

1149 1944 1227 2014 vari
1257 1939 1495 2010 ministerium
1526 1937 1678 2008 docendi
1699 1933 1888 2029 Evangelii
1917 1940 1956 2007 in
1975 1935 2146 2026 Ecclesia,

1151 2069 1196 2115 ne
1222 2045 1301 2115 luce
1332 2063 1433 2110 verae
1462 2041 1645 2110 doctrinae
1673 2039 1825 2110 extincta
1857 2039 2146 2113 circumferamur

1150 2147 1259 2217 variis
1282 2143 1397 2214 ventis
1421 2141 1654 2232 opinionum,
1679 2155 1721 2212 ut
1735 2136 1886 2234 Ethnici,
1904 2155 1938 2211 et
1955 2143 2016 2212 alii
2033 2143 2146 2236 impii,

1150 2247 1296 2320 abiectis
1319 2244 1421 2314 libris
1436 2237 1658 2334 Propheticis
1683 2256 1717 2313 et
1732 2237 1966 2334 Apostolicis,
1992 2245 2144 2316 subinde

1150 2375 1244 2421 nova
1260 2347 1409 2418 numina
1430 2357 1464 2415 et
1479 2368 1590 2416 novas
1607 2345 1873 2438 superstitiones
1895 2339 2063 2416 horribili
2085 2348 2145 2416 fu·-

1150 2477 1229 2524 rorc
1252 2449 1503 2538 excogitarunt.
1555 2445 1651 2517 Haec
1676 2447 1715 2516 in
1731 2443 1889 2524 Ecclesia
1906 2471 1952 2516 ne
1973 2449 2145 2534 accidant,

1150 2577 1289 2625 necesse
1319 2565 1387 2632 est,
1419 2571 1549 2632 unam,
1582 2562 1730 2633 certam,
1755 2548 1911 2630 firmam,
1939 2563 2144 2640 perpetuam

1149 2657 1300 2727 formam
1317 2650 1450 2730 teneri,
1477 2649 1611 2720 scilicet
1624 2643 1856 2742 Propheticos
1873 2663 1908 2720 et
1920 2647 2145 2742 Apostolicos

1149 2760 1279 2842 libros,
1304 2755 1343 2824 in
1359 2753 1488 2846 quibus
1504 2747 1602 2821 Deus
1622 2751 1786 2843 patefecit
1799 2752 2019 2822 voluntatem
2033 2777 2145 2828 suam.

1149 2859 1227 2930 Hos
1235 2858 1313 2928 vult
1321 2855 1391 2946 legi
1405 2867 1438 2924 et
1447 2848 1628 2942 cognosci:
1647 2867 1691 2937 ct,
1708 2866 1748 2923 ut
1758 2853 1876 2923 nativa
1884 2856 2056 2926 sententia
2069 2879 2145 2926 non

1150 2972 1417 3051 corrumpatur,
1443 2955 1597 3024 subinde
1617 2955 1744 3024 excitat
1759 2954 1967 3048 interpretes
1983 2957 2145 3042 idoneos,

1150 3087 1240 3158 quos
1264 3063 1342 3132 vult
1363 3057 1491 3130 audiri.
1543 3055 1626 3126 Non
1643 3055 1740 3125 enim
1758 3057 1887 3126 frustra
1903 3057 2144 3128 ministerium

1150 3164 1302 3236 docendi
1332 3159 1497 3231 instituit.
1563 3155 1642 3228 Hoc
1675 3157 1800 3246 ingens
1831 3159 2042 3228 beneficium
2075 3158 2145 3230 Dei

1149 3289 1398 3358 agnoscamus,
1439 3273 1474 3330 et
1503 3259 1690 3330 audiamus
1724 3259 1881 3330 sinceros
1915 3261 2143 3352 interpretes;

1149 3369 1370 3440 conferamus
1391 3364 1495 3433 etiam
1512 3361 1664 3447 aliorum
1679 3376 1880 3452 temporum
1894 3359 2085 3448 Doctores,
2111 3377 2145 3435 et

1149 3495 1208 3542 eos
1222 3471 1480 3550 discernamus;
1508 3463 1707 3547 videamus,
1722 3463 1784 3554 qui
1799 3476 1934 3533 veteres
1948 3479 2145 3555 congruant

1148 3575 1192 3644 ad
1208 3595 1369 3641 normam
1387 3593 1406 3637 a
1420 3565 1497 3636 Deo
1512 3565 1676 3634 traditam
1694 3565 1731 3632 in
1748 3561 1965 3654 Evangelio,
1992 3568 2144 3659 quinon

1149 3685 1357 3764 congruant.
1407 3667 1485 3738 Hac
1501 3666 1690 3736 collatione
1706 3663 1879 3734 iudicium
1894 3681 2088 3752 exercetur,
2110 3681 2145 3740 et

1148 3778 1262 3848 bonae
1281 3785 1414 3866 mentes
1429 3771 1598 3839 iuvantur
1613 3767 1706 3838 veris
1722 3765 1932 3837 testimoniis
1948 3768 2144 3862 antiquita-

1148 3879 1203 3950 tis.
1255 3874 1340 3945 Ideo
1365 3896 1461 3942 nunc
1483 3865 1715 3940 Reverendus
1737 3869 1905 3939 dominus
1920 3867 2057 3941 Doctor
2072 3867 2141 3940 Io-

1148 3973 1293 4048 hannes
1307 3965 1582 4068 Bugenlzagias
1607 3969 1845 4051 Pomeranus,
1878 3969 2003 4041 Pastor
2018 3969 2144 4043 Eccle-

1148 4083 1219 4152 siae
1236 4093 1376 4150 nostrae
1400 4089 1627 4145 enarraturus
1648 4087 1699 4143 est
1721 4071 1853 4140 librum
1873 4067 2077 4166 Augustini
2099 4077 2143 4146 de

1148 4183 1285 4275 Spiritu
1300 4195 1332 4250 et
1347 4179 1483 4262 Litera,
1497 4176 1534 4244 in
1550 4200 1617 4268 qua
1636 4174 1860 4244 enarratione
1876 4177 2054 4261 ostendet,
2070 4201 2141 4269 quo

1147 4285 1279 4355 iudicio
1294 4269 1560 4374 antiquitatis*)
1576 4278 1722 4367 legenda
1739 4275 1794 4348 sit.
1836 4271 1915 4344 Etsi
1934 4277 2028 4344 enim
2044 4301 2142 4346 sum-

1147 4413 1203 4456 ma
1222 4387 1297 4454 eius
1313 4384 1430 4475 operis
1446 4377 1638 4468 Augustini
1660 4379 1718 4469 pia
1731 4389 1800 4461 est,
1824 4389 1943 4446 tamen
1960 4378 2140 4450 interdum

1146 4491 1223 4558 loca
1247 4487 1374 4556 mutila
1396 4485 1557 4572 indigent
1583 4505 1668 4550 voce
1692 4479 1912 4568 interpretis,
1936 4481 1998 4572 qui
2021 4494 2139 4550 osten-

1146 4593 1223 4676 dat,
1256 4589 1343 4683 quid
1366 4587 1595 4656 desideretur.
1654 4579 1756 4650 Libri
1784 4593 1899 4649 autem
1923 4583 2065 4650 venales
2082 4583 2140 4651 in-

1145 4693 1335 4763 venientur
1356 4687 1450 4780 apud
1466 4677 1727 4781 typographum
1744 4673 1964 4777 Iosephum,
1991 4707 2079 4776 quos
2100 4697 2141 4754 ut

1146 4793 1306 4866 Studiosi
1330 4803 1449 4860 emant
1472 4801 1506 4858 et
1531 4787 1667 4876 legant,
1690 4784 1889 4854 invitentur
1905 4785 2022 4856 studio
2045 4785 2140 4856 anti-

1146 4895 1309 4987 quitatis,
1341 4894 1438 4986 quod
1471 4890 1672 4980 ingeniosos
1704 4882 1867 4954 homines
1896 4887 1997 4954 valde
2028 4889 2138 4958 decet.

1145 4996 1194 5068 Ut
1216 5010 1332 5066 autem
1356 4995 1475 5087 plures
1491 4992 1613 5062 audire
1636 4989 1789 5080 possint,
1813 5011 1877 5055 nec
1897 4987 2139 5078 impediantur
2243 5069 2250 5078 ί

1144 5095 1294 5195 Physica
1324 5095 1581 5188 praelectione,
1613 5091 1847 5164 Reverendus
1878 5089 2047 5158 dominos
2069 5087 2138 5158 Pa-

1146 5290 1370 5306 μ’

1177 5393 1207 5464 *)
1225 5391 1362 5516 Εειοίἆίεεε
1383 5389 1485 5464 aliquid
1500 5389 1618 5462 videtur,
1636 5397 1665 5440 ut
1678 5384 1822 5450 doctrtira,
1843 5385 2020 5451 philosophia
2040 5385 2084 5444 vel
2100 5387 2139 5439 ,i-

1214 5483 1252 5518 mr
1266 5483 1290 5520 e.
