4654 5804
56 255 127 334 ist
630 233 1066 322 net-stotatttttt
1115 227 1314 315 Llstlle
1364 225 1497 311 idid.
1956 261 1964 268 ·
2018 234 2095 312 iss

56 429 96 502 de
110 425 249 518 regula,
271 423 371 496 aliud
385 423 430 494 de
449 421 554 494 lacto.
603 413 742 508 Regula
765 427 835 502 cst,
859 425 901 486 ot
923 409 1044 506 potius
1097 401 1286 498 propiora,
1316 401 1420 474 fracti
1448 399 1577 473 animis
1602 401 1777 476 abiiciunt
1808 401 2026 478 doctrinam:
2052 430 2093 479 ac

56 532 210 602 discedas
226 527 354 600 exiliis
369 525 467 610 locis,
492 545 599 617 quam
616 521 737 590 venias
754 520 798 588 ad
813 513 1044 612 supplicium:
1096 505 1204 578 multi
1232 505 1362 576 deinde
1392 504 1484 574 liunt
1504 527 1650 595 prorsus
1673 501 1876 598 Epicuraei.
1935 507 2091 597 Quando

57 655 94 704 ac
109 631 260 701 infirmis
267 625 296 725 ⁸)
309 629 451 718 facilins
462 639 514 696 cst
531 623 705 694 sustinere
719 620 883 690 exilium:
907 618 968 688 sed
984 613 1046 709 qui
1097 609 1208 700 igitur
1222 603 1330 677 bomo
1347 618 1484 676 tantum
1499 605 1640 679 roboris
1656 601 1800 692 habeat,
1826 622 1867 678 ut
1880 610 1991 700 possit
2005 635 2092 682 con-

57 759 117 804 nec
141 731 265 820 exilia,
289 755 355 801 nec
377 726 549 820 supplicia
572 723 745 794 sustinere
772 721 918 803 volunt,
943 717 1047 788 valde
1097 710 1262 782 sessionis
1284 705 1481 802 periculum
1500 707 1569 780 sibi
1588 730 1786 794 accersere,
1811 731 1887 778 non
1901 724 2018 801 potest
2033 737 2091 782 re-

58 833 186 905 iniirmi
209 845 305 906 sunt.
355 825 424 902 His
444 843 485 900 ut
508 827 679 918 aegrotis,
710 847 784 894 nou
809 822 908 892 aliud
931 819 1049 889 dicere
1099 812 1191 906 gulis
1207 809 1379 896 describi,
1406 811 1467 878 secl
1484 823 1630 882 eventus
1644 809 1719 901 ipse
1742 811 1920 896 ostendet,
1945 835 1991 882 an
2007 813 2091 907 Spi-

58 959 217 1029 possum,
241 933 312 1004 nisi
331 945 373 1004 ut
393 927 671 1002 imbecillitatem
693 937 904 1016 agnoscant,
930 935 965 992 et
985 922 1049 988 de-
1099 915 1191 986 ritus
1205 927 1345 984 sanctus
1362 911 1622 982 confirmaverit
1636 912 1806 985 animum.
1852 908 2022 986 Nostrum
2039 929 2092 988 ese

59 1039 214 1130 plorent,
240 1051 274 1108 et
298 1033 469 1128 paulatim
493 1031 586 1100 vires
615 1028 844 1112 confirment,
871 1037 906 1095 et
929 1023 1049 1115 aliqua
1100 1030 1219 1088 tamen
1235 1029 1329 1084 recte
1354 1015 1497 1098 docere,
1513 1037 1589 1084 uon
1609 1013 1767 1084 blandiri
1782 1012 1992 1086 infirmitati.
2042 1013 2093 1088 Et

61 1139 209 1210 subinde
234 1135 428 1207 illustriora
450 1131 652 1204 testimonia
677 1127 907 1200 consessionis
932 1126 1049 1197 edant.
1100 1139 1305 1213 quanquam
1327 1114 1584 1209 aliquantisper
1605 1115 1758 1208 tempori
1773 1115 1875 1183 venia
1891 1117 2007 1188 danda
2030 1133 2092 1206 est,

61 1239 137 1314 Scio
160 1263 238 1312 rem
261 1237 442 1310 difficilem
465 1257 557 1318 esse,
582 1226 668 1302 baec
688 1229 833 1301 exordia
856 1226 1050 1301 confessio·
1100 1219 1306 1313 praesertim
1336 1217 1376 1286 iu
1401 1209 1598 1312 νεόφυτοις
1626 1217 1666 1286 in
1687 1215 1824 1306 magnis
1849 1219 1978 1287 caussis
1987 1215 2029 1311 ¹⁰)
2050 1221 2090 1292 in

61 1343 124 1416 nis.
163 1337 235 1414 Sed
251 1327 623 1432 autproliciendum⁸)
640 1347 710 1418 est,
735 1345 796 1402 aut
811 1330 1049 1422 expectandus
1100 1335 1197 1392 metu
1211 1319 1374 1414 publicae
1390 1318 1604 1389 discordiae:
1630 1332 1749 1388 tamen
1771 1341 1846 1388 non
1863 1317 1910 1388 sit
1924 1321 2091 1392 dissimu-

61 1441 233 1520 intcritus.
282 1441 352 1514 Hic
375 1451 493 1512 autern
518 1439 611 1509 addo
636 1433 937 1530 praemonitiones
959 1453 1050 1525 qua·
1100 1416 1237 1592 latio¹¹g
1256 1435 1436 1516 perpetua.
1487 1417 1648 1490 Primum
1671 1417 1829 1508 decalogi
1851 1437 2090 1516 praeceptum:

62 1558 148 1618 tuor.
1099 1517 1189 1598 Non
1240 1519 1366 1594 abetis
1382 1515 1485 1590 Deos
1504 1515 1667 1604 alienos,
1700 1519 1868 1593 omnibus
1890 1525 1996 1596 rebus
2012 1525 2092 1597 aliis

155 1657 294 1743 Prima,
333 1657 433 1754 prius
464 1659 556 1729 bene
588 1621 768 1730 iaciantur
797 1649 1050 1732 fundamenta,
1099 1627 1366 1700 mittendum
1381 1635 1444 1698 ²⁸1·

64 1763 258 1836 doctrinam
279 1757 466 1852 Evangelii
488 1772 581 1830 recte
603 1777 872 1848 cognoscamus,
895 1775 943 1822 ne
962 1750 1049 1821 falsa
1202 1756 1339 1850 Quam
1354 1757 1607 1852 praemonitio:
1632 1755 1799 1848 Fugienei
1814 1757 1855 1828 in
1871 1757 2016 1830 exilium
2033 1785 2093 1832 ρο.

65 1887 123 1959 1)ῖο
137 1865 232 1936 Ἷθῑῖδ
245 1863 517 1956 amplectamur,
540 1883 606 1930 ¹¹⁰⁰
622 1877 810 1950 augfflmffl
831 1853 937 1924 110bi⁸
950 1875 1050 1923 “¹²⁰-
1100 1861 1284 1954 gitandum
1300 1874 1352 1932 est
1367 1859 1491 1945 etiam,
1517 1859 1605 1954 quid
1621 1859 1668 1930 sit
1682 1853 1860 1947 Ecclesia,
1885 1873 1920 1932 et
1941 1862 1998 1933 cui
2013 1887 2095 1932 coe-

64 1991 133 2054 ῐθδ,
157 1983 191 2040 θῑ
206 1966 299 2052 aliis,
323 1989 389 2035 Μ
407 1963 563 2058 Pericula
582 1959 847 2055 ΡῑὍΡῖθῖἷῑὶῙὸὓ8
862 1955 1050 2050 (Ψῐῐὶῖῡῐὶθ8
1101 1964 1155 2036 tui
1171 1963 1258 2034 velit
1271 1987 1308 2032 se
1323 1963 1533 2050 adiungere:
1561 1960 1644 2056 quia
1659 1985 1734 2032 non
1749 1961 1798 2032 ita
1812 1963 2020 2051 fugiendum
2034 1979 2094 2052 est,

68 2069 312 2164 suscipiamus,
344 2067 405 2137 scd
422 2065 598 2156 fugiamus
614 2058 928 2152 Anabaptistarum
950 2057 1051 2127 luro-
1101 2079 1143 2137 ue
1173 2077 1293 2158 postea
1323 2065 1421 2134 viva,
1445 2064 1485 2132 jn
1506 2062 1716 2148 solitudine,
1744 2075 1806 2134 ,ug
1836 2064 2001 2150 mebris,
2032 2080 2095 2138 au,

68 2195 136 2256 ¹⁸⁸,
160 2171 223 2264 qui
248 2169 380 2239 ¹⁰¹¹le
401 2159 577 2258 errom’)
601 2164 863 2236 circumferunt·
913 2157 1052 2250 Negant
1103 2167 1199 2238 solus
1220 2167 1289 2258 tuis
1309 2165 1522 2260 quibusdam
1538 2163 1854 2254 imaginationibus
1868 2166 2009 2252 fruaris,
2032 2181 2094 2239 aut

68 2286 241 2366 peccalum
264 2269 432 2360 viginis,
464 2267 669 2362 impwbtnl
694 2263 908 2355 baptismum
932 2261 1051 2330 infan-
1102 2269 1213 2360 fingas
1235 2268 1388 2340 subinde
1416 2289 1527 2340 novas
1549 2265 1756 2358 opiniones,
1786 2267 1876 2338 sicut
1899 2267 2005 2342 multi
2025 2263 2095 2340 boc

69 2388 155 2460 tum,
194 2384 431 2462 corrumpunt
465 2369 663 2439 doctrinam
701 2367 747 2434 de
782 2363 917 2436 iustitia
951 2361 1053 2446 lidei,
1103 2385 1260 2462 tempore
1276 2381 1449 2461 vagantur
1463 2367 1722 2452 suencfeldim,
1747 2363 1959 2460 emmau„
1983 2384 2018 2442 ,p
2032 2371 2096 2442 ,ffi

71 2475 233 2546 damnant
246 2473 401 2566 politius,
424 2470 664 2562 Magistratus,
682 2466 826 2552 iudicia,
851 2463 1053 2536 distinctio-
1102 2471 1399 2544 innumerabiles:
1425 2470 1489 2564 qui
1505 2470 1673 2540 omuibus
1686 2466 1856 2540 Ecclesiis
1870 2471 2096 2558 maledicunt,

71 2599 145 2648 nem
159 2576 417 2659 dominiorum,
436 2596 518 2642 vera
535 2572 749 2640 iuramenta:
777 2567 931 2660 denique
948 2563 1053 2636 multi
1104 2587 1140 2646 et
1167 2585 1281 2646 eorum
1304 2572 1543 2643 ministerium
1564 2568 1821 2660 Evangelicum
1851 2585 2096 2661 contemnunt,

72 2679 184 2751 mullis
206 2677 328 2762 malis,
360 2690 396 2746 el
416 2673 625 2766 perniciosis
646 2670 878 2760 opinionibus
907 2669 1054 2738 demen-
1103 2689 1140 2746 et
1155 2676 1228 2756 ¹suis
1245 2675 1459 2768 quibusdam
1481 2673 1668 2766 paradoxis
1690 2672 1730 2744 in
1747 2671 1911 2746 doctrine
1934 2676 2094 2748 etmori.

72 2780 132 2852 tari
145 2805 180 2852 se
195 2780 333 2852 sinunt.
384 2774 469 2846 ldeo
485 2776 595 2844 simus
612 2775 820 2872 prudentes,
846 2783 881 2839 et
903 2774 1055 2840 circum-
1105 2778 1172 2848 bus
1193 2777 1424 2848 delectamur,

74 2883 189 2971 specti,
214 2895 251 2952 ct
267 2903 352 2950 vero
368 2877 521 2964 iudicio,
546 2875 728 2946 doctrinae
741 2895 851 2963 genus
868 2871 1054 2962 eligamus:

256 2982 265 2999 ,
539 2978 548 2996 .
771 2975 793 2992 ..
818 2975 827 2992 .
1207 2906 1305 2980 llaec
1324 2909 1483 3000 exempla
1513 2933 1595 2997 non,
1612 2908 1811 2980 imitemur:
1843 2911 1903 2979 sed
1925 2909 2097 3000 eligamus

76 2996 106 3053 et
117 2985 267 3077 amplexa
281 3003 380 3050 veras
396 2991 607 3064 sententias,
632 2999 707 3046 uon
723 2975 943 3048 abncumus

1107 3035 1230 3084 verum
1247 3007 1420 3092 †unum''
1437 3025 1622 3081 etcertum
1636 3011 1818 3082 doctrinae
1832 3033 1960 3101 genus,
1987 3025 2021 3082 et
2034 3035 2099 3102 pa·

167 3115 332 3188 Secunda
354 3110 608 3205 praemonitio:
635 3107 718 3180 Non
739 3105 968 3178 blandiamur
987 3101 1056 3198 ipsi
1108 3109 1364 3184 lamEcclesiae
1376 3111 1483 3182 alicui
1496 3111 1637 3204 publice
1652 3134 1718 3182 nos
1732 3110 1980 3202 adiungamus:
2003 3137 2100 3184 ame-

78 3215 189 3304 nubis,
235 3239 302 3287 nec
342 3225 566 3306 praetexatur
602 3211 790 3281 infirmitas
827 3207 1058 3280 simulationi·
1108 3237 1188 3288 mus
1205 3213 1461 3300 ministerium,
1487 3228 1521 3284 et
1534 3213 1772 3307 conspiciatur
1786 3228 1907 3286 nostra
1924 3215 2097 3286 consessio

76 3317 177 3390 Multi
198 3321 238 3388 in
261 3317 353 3388 aulis
371 3325 500 3386 vocanl
521 3311 803 3398 seNicodemos,
830 3323 864 3382 el
886 3309 1058 3394 infirma,
1110 3318 1149 3387 in
1172 3339 1213 3386 eo
1236 3329 1358 3396 coetu,
1390 3313 1498 3386 simul
1515 3328 1659 3385 utamur
1675 3313 1911 3387 Sper-amentis
1935 3340 2010 3386 non
2034 3319 2098 3388 de..

77 3443 150 3492 cum
163 3421 234 3493 siut
251 3417 560 3514 praevaricatores,
585 3428 620 3486 et
634 3415 766 3484 similes
782 3409 933 3498 Alcimi,
958 3411 1058 3483 cuius
1109 3418 1275 3512 pravatis,
1300 3418 1556 3506 coniungamus
1573 3431 1730 3487 nostram
1743 3418 2002 3488 invocationem
2018 3443 2098 3490 cum

78 3521 113 3592 fit
131 3523 265 3594 mentio
284 3523 324 3590 in
345 3515 494 3589 historia
508 3511 824 3587 Machabaeorum:
847 3515 1060 3584 confirmant
1109 3517 1287 3591 Ecclesiae
1320 3519 1560 3590 invocatione:
1604 3517 1704 3589 Sicut
1735 3513 1898 3590 Christus
1927 3521 2098 3610 peculiari

78 3624 252 3696 saevitiam
274 3633 478 3716 potentum,
508 3639 571 3688 sua
594 3617 887 3688 dissimulatione.
948 3613 1060 3685 Multi
1112 3621 1346 3714 promissione
1369 3621 1629 3689 commendavit
1646 3618 1750 3688 nobis
1765 3621 1923 3692 studium
1947 3623 2100 3694 tuendae

80 3724 177 3796 etiam
199 3720 407 3819 sophisticas
422 3720 660 3811 mitigationes
679 3731 870 3813 quaerunt,
892 3727 934 3788 ut
955 3739 1060 3786 excu-
1112 3720 1392 3813 cungregationis
1424 3721 1606 3813 publicae,
1644 3721 1826 3808 videlicet,
1871 3733 1912 3792 ut
1942 3736 2101 3795 servetur

81 3841 152 3898 rent
166 3831 283 3900 cultus
297 3825 488 3896 idolorum.
533 3819 686 3894 Etiamsi
701 3819 869 3890 sacrificia
887 3817 927 3888 in
943 3817 1061 3888 missis
1113 3823 1296 3916 publicum
1328 3813 1587 3902 ministerium,
1623 3832 1664 3891 ut
1697 3823 1842 3895 dicitur:
1884 3819 2101 3923 Ubicunque

81 3949 149 3998 nou
171 3932 291 4001 valent
311 3951 376 4020 pro
401 3924 570 4010 mortuis,
591 3921 778 4016 inquiunt,
802 3919 922 3991 valent
941 3933 1061 3990 tamen
1113 3919 1187 3996 duo
1203 3932 1268 3993 aul
1283 3931 1355 3998 lres
1371 3929 1475 3993 erunt
1489 3920 1704 4016 congregati
1722 3921 1761 3992 in
1777 3922 1923 3994 nomine
1941 3951 2035 4013 meo,
2061 3926 2101 3996 in

81 4052 202 4120 preces.
251 4028 300 4100 Et
319 4041 462 4122 possent
483 4025 641 4118 exempla
662 4023 773 4093 multa
789 4016 1061 4114 sophisticarum
1113 4021 1233 4097 medio
1254 4047 1376 4094 eorum
1396 4047 1497 4108 sum,
1524 4033 1556 4094 et
1568 4018 1666 4115 fient
1683 4023 1734 4094 eis
1756 4046 1851 4122 quae
1871 4033 2011 4123 petent,
2037 4042 2101 4103 etc.

84 4129 216 4203 illarum
250 4129 513 4202 excusationum
546 4125 738 4209 recenseri,
771 4123 907 4214 sedita
940 4123 1063 4196 ludere
1115 4128 1204 4198 Vult
1226 4123 1409 4198 honestam
1430 4126 1666 4222 frequentiam
1684 4149 1759 4196 esse
1776 4129 2001 4220 publicorum
2017 4155 2104 4201 con-

83 4235 271 4325 pracstigiis
303 4227 577 4323 sophismatum,
613 4241 666 4299 est
696 4239 833 4298 tentare
861 4223 997 4313 Deum,
1028 4237 1065 4295 et
1113 4253 1313 4322 gressuum,
1337 4224 1479 4300 ethanc
1494 4230 1605 4298 vulta
1625 4227 1772 4318 singulis
1788 4231 1960 4306 adiuvari.
2012 4231 2102 4304 Vult

85 4330 185 4425 impie
196 4335 297 4408 abuti
310 4331 456 4404 nominc
469 4328 548 4402 Dei.
1115 4334 1211 4404 enim
1237 4331 1474 4403 ministerium
1496 4327 1750 4419 Evangelicum
1776 4334 1951 4426 conspici,
1982 4347 2015 4404 et
2037 4359 2105 4406 au·

166 4471 287 4544 Tertia
301 4465 556 4564 praemonitio:
578 4459 791 4556 Priusquam
804 4457 962 4553 periculo
979 4481 1064 4552 sup-
1094 4433 1203 4552 diri,
1236 4436 1332 4527 ‘lui‘d
1362 4456 1438 4551 ⁰9¹¹
1464 4432 1505 4502 fii
1525 4432 1564 4500 in
1589 4431 1827 4552 di⁸SiP³li0ne3
1884 4433 1968 4554 ldep
1992 4437 2104 4556 multa

87 4562 567 4659 pliciisehomgexpon31⁸)‚
589 4565 716 4656 cogitet
732 4566 777 4633 de
791 4561 978 4656 patientia,
1003 4583 1065 4630 ,eu
1116 4529 1443 4653 dicta-Propirctrca
1466 4535 1713 4604 commendant
1738 4537 1842 4605 nobis
1867 4540 2025 4608 studium
2047 4563 2105 4609 ru-

87 4675 282 4748 constautia.
341 4669 452 4744 Multi
472 4659 707 4763 θρασύδηλοι
720 4657 751 4755 ⁹)
774 4663 878 4734 initio
899 4663 1066 4734 audacter
1116 4639 1225 4708 Vin‘h
1242 4637 1403 4730 PUb¹¹⁰⁰⁸
1424 4657 1649 4724 ⁰⁰¹¹ssf0⁸⁸¹¹³2
1675 4650 1714 4707 1¹1
1728 4633 1821 4712 ps³1·
1843 4637 1925 4709 102·
1950 4635 2001 4710 In
2020 4663 2105 4710 con-

88 4769 246 4850 inchuaut
261 4775 493 4855 mutationes,
518 4783 552 4839 et
577 4783 697 4862 postea
711 4791 791 4838 cum
811 4765 967 4860 pericula
983 4775 1067 4838 sunt
1118 4733 1291 4855 ‘’mi‘'{d0
1304 4731 1461 4836 P⁰P¹¹1⁰⁸
1485 4735 1524 4804 ὼ
1543 4745 1732 4855 '¹¹¹¹‘qu
1746 4730 1868 4858 358⁶?
1884 4749 1923 4809 υἱ
1944 4738 2105 4812 Serviani

1118 4837 1302 4921 Domino,
1330 4852 1364 4908 ct
1384 4838 1476 4911 Psal.
1501 4837 1584 4913 135.
1611 4832 1816 4934 Quariates
1836 4865 1876 4911 cn
1899 4837 2005 4911 domo
2021 4839 2105 4912 Do-

90 4955 301 4984 —--·--
822 4917 826 4926 '
1118 4935 1803 5012 mantinastruamusmtnosut.
1852 4940 2106 5019 nectareo.

120 5077 145 5145 s)
160 5077 234 5140 llice.
254 5089 280 5136 ct
298 5079 361 5137 cod.
380 5075 475 5134 Metu.
485 5074 591 5148 firma
1118 5039 1227 5114 Laus
1244 5042 1322 5114 eius
1339 5041 1378 5112 in
1396 5038 1566 5112 Ecclesia
1583 5049 1814 5114 sanctorum:
1840 5041 1943 5116 Hanc
1965 5060 2107 5118 senten-

119 5158 147 5226 6)
164 5161 236 5220 lliec.
255 5165 472 5236 perficiendum
489 5159 551 5215 eod.
571 5155 665 5213 Mebu.
681 5155 882 5226 profitendum.
1186 5165 1190 5175 ⁴

121 5244 147 5311 7)
164 5247 238 5306 liicc.
257 5263 284 5306 et
300 5249 360 5305 cod.
380 5248 474 5302 Mebu.
493 5249 586 5299 multa
604 5247 804 5298 armamenta.

123 5327 149 5398 8)
166 5331 238 5390 ilice.
256 5346 282 5390 et
301 5334 362 5390 cod.
380 5331 476 5386 Mebu.
493 5333 601 5398 wius
618 5327 737 5386 etrirm”.
1155 5329 1198 5395 10)
1215 5323 1286 5379 cot.
1304 5321 1399 5377 Mebu.
1416 5323 1550 5376 caridus.‘

123 5412 148 5482 9)
164 5416 230 5474 Cod.
247 5419 436 5490 secundulus.
1156 5414 1201 5481 11)
1220 5409 1291 5468 cod.
1311 5407 1406 5464 Mcbm
1422 5407 1577 5464 simutant».

94 5485 258 5565 llrvrnm
276 5500 381 5564 Ona.
396 5497 478 5563 Vos..
493 5495 536 5562 V.
1257 5479 1307 5554 47

1124 5219 1338 5234 Η
