4722 5808
218 207 291 286 tat

220 393 377 458 recentes
388 372 574 462 historias,
598 387 633 446 et
646 369 791 444 urbium
808 365 895 440 situs
911 377 945 437 et
958 383 1074 434 mores
1089 379 1214 430 recen-

222 499 292 571 set,
323 485 385 554 sed
418 482 524 552 etiam
550 473 757 568 significatio
788 484 840 542 est
869 467 1052 562 perspicua
1075 459 1216 556 pietatis

223 611 304 679 erga
328 583 498 678 patriam,
524 581 568 648 ad
593 602 700 672 quarn
722 572 983 645 defendendam
1005 579 1039 636 et
1062 565 1155 636 cives
1182 573 1217 630 et

222 687 427 786 peregrinos
442 679 663 754 adhortatur.
705 676 805 748 Vixit
820 673 914 764 apud
930 693 996 740 nos
1011 687 1125 737 annos
1141 687 1217 734 am-

223 793 320 886 plius
341 801 473 878 septem
494 809 534 854 ea
561 780 784 871 integritate,
818 788 858 846 ut
877 771 1043 844 omnibus
1058 764 1218 838 honestas

223 893 313 965 viris
336 887 535 960 carissimus
564 883 682 954 inerit.
732 878 829 949 Haec
851 877 895 946 de
919 897 960 943 eo
981 868 1038 941 his
1064 866 1218 961 publicis

223 993 337 1068 literis
349 1003 529 1073 testamur,
545 1007 695 1077 eumque
712 979 878 1052 omnibus
896 974 1001 1047 bonis
1016 971 1103 1042 viris
1120 993 1219 1039 eorn-

223 1095 453 1178 mandamus,
484 1091 530 1160 ad
553 1111 642 1182 quos
664 1084 801 1156 aditum
824 1079 857 1150 ei
871 1091 993 1148 nostro
1016 1071 1218 1145 testimonio

225 1194 464 1292 patefacimus.
513 1188 605 1260 Nam
621 1202 738 1279 postea
759 1207 821 1253 sua
837 1202 1013 1275 quemque
1032 1177 1145 1244 virtus
1168 1173 1220 1241 ei·

225 1295 429 1370 fieacissime
451 1277 685 1362 commendat.
750 1284 824 1355 Nec
848 1280 1072 1361 dubitamus,
1105 1279 1220 1356 bonos

161 1475 164 1484 ,
227 1414 263 1472 et
293 1399 485 1492 prudentes
514 1394 630 1476 viros,
663 1389 726 1460 ubi
759 1383 942 1476 ingenium
970 1381 1046 1450 eius
1073 1378 1220 1469 plenum

227 1499 392 1574 candoris
412 1493 650 1589 inspexerint,
676 1504 711 1560 et
733 1484 963 1578 cognoverint
984 1479 1221 1552 eruditionem

228 1619 263 1676 et
284 1599 519 1680 industriam,
550 1609 712 1664 nostrum
734 1587 909 1660 iudicium
932 1587 977 1655 de
992 1608 1034 1657 eo
1050 1583 1221 1676 probatu-

227 1729 286 1776 ros
302 1725 388 1787 esse,
404 1715 439 1771 et
453 1695 737 1768 benevolentiam
754 1713 834 1780 erga
853 1689 971 1780 ipsum
985 1687 1142 1756 studiose
1158 1683 1222 1752 de-

228 1807 433 1876 claraturos.
484 1797 525 1870 Si
542 1797 675 1890 patriae
692 1817 732 1864 ea
750 1792 898 1862 felicitas
916 1799 1023 1872 esset,
1045 1800 1086 1856 ut
1105 1785 1222 1854 bouo-

228 1931 310 1978 rurn
332 1903 464 1975 civium
486 1901 599 1970 virtus
624 1899 657 1968 ei
678 1897 843 1989 prodesse
858 1903 994 1983 posset,
1021 1888 1145 1978 etipsa
1166 1883 1222 1953 vi-

229 2009 347 2084 cissim
377 2025 505 2075 ornare
535 2023 680 2072 suorum
716 1995 946 2067 industriam:
989 1987 1047 2058 hic
1075 1981 1221 2057 Paulas

227 2107 406 2206 praeclare
429 2108 473 2174 de
496 2104 609 2196 patria
631 2111 844 2180 mereretur,
867 2111 901 2168 et
924 2098 998 2186 ipse
1023 2092 1116 2196 inter
1140 2111 1222 2158 suos

228 2211 398 2302 dignitate
422 2207 575 2276 floreret·
633 2200 738 2282 Nunc
761 2211 796 2269 et
814 2197 1030 2290 reipublicae
1059 2187 1223 2279 christia-

228 2337 299 2384 nae
319 2335 421 2382 causa
440 2305 556 2378 Deum
580 2317 763 2374 aeternum
786 2313 922 2394 patrem
945 2294 1083 2366 domini
1108 2291 1223 2362 nostri

231 2408 458 2498 lesuChristi
472 2428 676 2500 precamur,
701 2415 742 2472 ut
755 2401 962 2472 Pannoniae
981 2396 1222 2487 tranquillita-

228 2532 300 2588 tem
315 2513 495 2594 restituat,
519 2522 554 2579 et
573 2507 643 2599 ipsi
659 2504 772 2575 Paulo
794 2517 975 2593 optamus,
1000 2513 1041 2568 ut
1062 2499 1098 2567 in
1115 2519 1222 2588 repu-

227 2617 321 2690 blica
345 2615 492 2703 dignum
509 2607 684 2680 industria
702 2620 737 2676 et
752 2606 881 2676 virtute
904 2615 973 2676 sua'
987 2602 1105 2670 locum
1121 2603 1223 2669 inve-

228 2720 316 2791 niat.
367 2713 534 2802 Legimus
549 2723 682 2780 veteres
699 2705 854 2776 Paeonas
870 2709 915 2776 ab
929 2705 1082 2775 Hercule
1098 2705 1137 2771 in
1150 2701 1221 2769 illis

228 2819 317 2890 locis
340 2818 382 2886 ad
406 2813 537 2884 istrum
553 2811 742 2880 collocatos
761 2809 955 2889 industria,
983 2803 1224 2889 beneficentia,

227 2917 439 2992 fortitudine
462 2927 496 2985 et
516 2912 699 2982 intellectu
720 2910 872 2980 aliarum
896 2911 1069 2982 virtutum
1092 2922 1127 2980 et
1140 2907 1222 2976 lite-

228 3044 352 3093 rarum
366 3015 627 3100 antecelluisse;
652 3025 772 3106 postea
791 3013 897 3083 etiam
923 3015 963 3082 in
986 3014 1112 3082 iisdem
1134 3009 1220 3100 loeis

228 3122 330 3194 fulsit
351 3117 524 3209 evangelii
541 3117 623 3196 lux,
647 3127 682 3184 et
701 3115 865 3186 ecclesiae
880 3115 1027 3187 fuerunt
1043 3138 1127 3184 vera
1153 3113 1220 3181 do-

230 3224 343 3298 ctrina
360 3235 394 3289 ct
412 3221 540 3312 pietate
558 3218 737 3290 florentes.
789 3214 908 3288 Huius
924 3218 1144 3312 antiquitatis
1159 3215 1221 3283 de-

230 3347 312 3396 cora
335 3323 443 3392 refert
463 3315 579 3390 adhuc
599 3317 801 3409 aliquorum
822 3317 996 3388 Paeoniae
1018 3319 1131 3408 gentis
1154 3311 1220 3385 lto-

228 3427 368 3496 minum
383 3423 514 3504 virtus,
538 3419 722 3510 inquibus
738 3441 818 3488 curn
834 3415 930 3489 hunc
945 3419 1097 3490 Paulum
1116 3417 1221 3489 etiarn

231 3528 493 3600 numerandum
512 3543 585 3590 esse
600 3519 807 3605 iudicemus,
830 3522 1003 3612 singulari
1017 3545 1096 3590 eum
1114 3521 1222 3590 bene-

230 3627 388 3700 volentia
413 3647 550 3715 semper
569 3623 768 3695 dileximus.
840 3621 952 3694 Datae
972 3622 1222 3712 Wittebergae

230 3755 327 3803 anno
353 3753 372 3797 a
395 3727 505 3797 natali
526 3719 662 3794 Christi
684 3720 792 3796 1545.
813 3723 872 3794 die
895 3727 1058 3796 vicesima
1076 3725 1222 3816 septima

230 3830 388 3924 Aprilis,
422 3852 492 3922 quo
520 3838 602 3895 ante
633 3848 746 3894 annos
768 3820 915 3924 saw)
938 3821 1042 3898 Noha
1073 3851 1113 3896 ex
1143 3849 1223 3896 area

231 3955 389 4026 egressus
404 3927 558 3999 restituit
581 3926 620 3996 in
636 3928 737 3998 terris
753 3927 951 4016 ecclesiam3
978 3953 1048 4024 quo
1065 3927 1222 4019 exemplo

230 4034 329 4108 Deus
355 4045 500 4103 testatus
526 4042 595 4114 est,
621 4051 658 4098 se
682 4042 903 4100 servaturum
926 4054 1025 4102 suam
1042 4030 1224 4102 eeclesiam

232 4140 340 4208 etiam
353 4133 538 4204 ruentibus
558 4130 686 4200 mundi
700 4132 869 4223 imperiis.
921 4131 1040 4220 Quare
1066 4146 1106 4202 ut
1128 4154 1226 4202 nunc

232 4259 374 4334 quoque
392 4247 484 4324 tegat
501 4232 681 4301 eeclesiam
700 4255 797 4302 suam
813 4233 852 4300 in
871 4230 1057 4303 Pannonia
1072 4246 1148 4304 toto
1164 4245 1226 4324 pe'-

233 4355 330 4410 ctore
347 4337 463 4429 ipsum
482 4357 677 4427 precamur.

1003 4535 1226 4550 sum

233 4685 301 4767 No.
318 4679 431 4755 stas.

240 4775 411 4810 m

1054 4681 1226 4800 aaa

589 4825 649 4913 Α.
679 4813 871 4940 Kegetto.

302 4981 341 5036 Er
355 4973 512 5050 apographo
525 4971 554 5026 iu
567 4972 629 5028 eod.
644 4971 720 5027 Paris
735 4973 771 5029 D.
783 4971 815 5028 L.
828 4972 890 5025 stt.
906 4982 933 5026 et
946 4973 972 5027 ln
986 4971 1078 5030 Pesel.
1095 4977 1192 5034 eoosll.
1205 4977 1226 5031 l.

335 5065 364 5120 p.
377 5047 429 5100 ded
442 5065 498 5119 sq„
517 5041 563 5114 qui
576 5041 653 5113 epist.
666 5043 701 5099 sd
715 5061 778 5097 ano.
793 5043 869 5098 asts.
883 5041 978 5098 relect.
1136 5073 1141 5080 -

234 5170 441 5194 *ιιι-’,αυ-

265 5237 735 5435 *³,ta:iactaturus
749 5235 1226 5380 ittattttt·assistat

1003 5345 1011 5376 t

313 5393 403 5440 ectum
419 5387 465 5433 est.

802 182 1245 272 EPISTOLARUM
1293 189 1404 276 utu.
1428 191 1494 280 11.
1545 195 1679 280 1645.

2181 197 2255 282 '152

1266 359 1437 466 Egregia
1463 333 1666 442 eruditione
1691 377 1723 442 et
1735 367 1879 484 ,virtute
1901 367 2093 472 praedito,
2125 367 2258 470 Magi-

1357 481 1437 544 stro
1462 467 1676 544 Andreae
1696 471 1917 570 Regalis,
1943 473 2063 548 amico
2086 500 2167 554 suo.

1264 589 1362 678 Tres
1376 609 1600 701 quaestiones
1615 609 1654 678 in
1672 603 1820 678 historia
1837 623 1897 680 tua
1911 609 2151 684 continentur.
2202 609 2261 682 An

1189 764 1197 780 .
1266 709 1397 780 mulier
1410 722 1555 801 propter
1569 711 1718 781 eela'turn
1732 724 1874 802 partum
1887 711 1997 782 fuerit
2009 713 2206 804 punienda,
2228 728 2262 784 et

1248 855 1249 860 κ
1268 835 1313 882 an
1323 806 1440 882 adhuc
1455 813 1502 881 sit
1513 813 1707 903 punienda,
1722 813 1819 896 item,
1833 835 1879 882 au
1895 811 2080 906 inquisitio
2090 816 2133 884 de
2148 828 2260 886 morte

1267 913 1414 984 infantis
1445 914 1666 985 instituenda
1696 914 1742 984 sit
1770 915 1937 984 adversus
1960 927 2129 1001 matrem3
2164 916 2262 1001 item,

1268 1015 1356 1110 quid
1391 1015 1436 1085 de
1476 1016 1642 1105 coniugio
1676 1027 1855 1086 contracto
1871 1012 1906 1111 ¹)
1937 1016 2009 1087 iam
2025 1011 2061 1109 ²)
2104 1017 2261 1088 sentien-

1268 1121 1356 1188 dum
1378 1116 1437 1194 sit.

1369 1211 1429 1290 Ad
1456 1217 1608 1310 primam
1633 1218 1842 1309 respondeo.
1899 1211 2068 1312 Optarim
2095 1220 2260 1311 punitam

1270 1341 1342 1390 esse
1365 1318 1551 1390 mulierem
1574 1334 1656 1390 ante
1681 1319 1988 1411 desponsationem
2007 1337 2155 1414 propter
2171 1325 2263 1394 cela-

1270 1435 1346 1494 tum
1366 1433 1526 1512 partum3
1556 1445 1653 1492 nunc
1673 1443 1787 1514 poena
1812 1417 1992 1514 tardior³)
2019 1423 2115 1494 iuter
2137 1425 2263 1496 conio-

1269 1519 1372 1618 ges⁴)
1388 1522 1544 1593 adferret
1558 1523 1771 1594 offensiones
1787 1519 1993 1618 maiores⁸).
2032 1519 2082 1596 Et
2095 1524 2127 1596 si
2141 1539 2196 1598 est
2209 1551 2263 1598 sa-

1269 1625 1390 1696 nabile
1407 1624 1590 1716 ingenium
1604 1624 1765 1695 mulieris
1782 1637 1817 1696 et
1831 1647 1930 1696 nunc
1944 1625 2103 1697 modeste
2119 1627 2211 1698 vivit
2223 1652 2262 1702 ae

1268 1727 1507 1820 poenitentiae
1521 1727 1793 1816 significationes
1809 1727 1988 1811 ostendet,
1999 1728 2096 1820 parci
2112 1729 2248 1804 malim.

1371 1823 1431 1898 Ad
1449 1831 1652 1902 secundam.
1699 1825 1822 1898 Nolim
1838 1827 2108 1922 inquisitionem
2127 1831 2204 1900 lieri
2220 1833 2263 1904 de

1269 1942 1385 2001 morte
1398 1929 1555 2004 infantis.

1372 2025 1431 2100 Ad
1446 2032 1602 2105 tertiam.
1654 2024 1733 2101 Etsi
1748 2024 1934 2100 honestius
1946 2025 2110 2128 suerat⁶)
2126 2033 2264 2105 differri

1271 2131 1598 2224 desponsationem,
1624 2132 1668 2201 de
1683 2155 1753 2226 qua
1769 2130 1914 2218 scribis,
1936 2145 2056 2204 umen
2074 2148 2262 2229 postquam

1270 2235 1360 2306 iacta
1376 2246 1446 2318 est,
1473 2257 1549 2304 non
1564 2233 1795 2303 rescindatur.
1845 2231 1921 2304 lam
1944 2235 2038 2304 enim
2059 2237 2262 2308 coniunctio

1271 2331 1421 2422 horum,
1447 2335 1640 2428 dequibus
1661 2335 1806 2419 scribis,
1836 2333 2034 2425 legitimum
2057 2339 2263 2428 coniugium

1271 2432 1378 2530 est⁷).
1429 2433 1550 2506 Habes
1563 2460 1682 2506 meum
1705 2435 1877 2506 iudicium
1894 2439 1938 2506 de
1959 2438 2030 2508 tuis
2047 2441 2264 2532 quaestioni-

1270 2538 1350 2614 bus.
1398 2533 1479 2609 Etsi
1495 2551 1611 2609 autern
1627 2537 1851 2630 disciplinam
1867 2539 2019 2630 optarim
2034 2541 2194 2611 severius
2209 2567 2262 2613 re·

1271 2642 1325 2732 gi,
1344 2641 1518 2710 tamenin
1536 2653 1631 2710 tanta
1649 2639 1856 2709 confusione
1877 2651 2077 2734 temporum
2091 2645 2263 2735 quaedam

1271 2756 1403 2826 errata,
1439 2766 1529 2836 quae
1557 2753 1695 2811 mutare
1727 2764 1803 2811 non
1831 2763 2038 2832 possumus,
2069 2746 2263 2834 prudenter

1270 2857 1439 2934 tegamus.
1498 2837 1596 2913 Mihi
1619 2837 1659 2912 hi
1676 2842 1841 2916 versiculi
1857 2865 1960 2935 saepe
1977 2844 2189 2917 inmentem
2205 2872 2264 2918 ve·

1270 2945 1394 3017 niunt:
1684 2973 1686 2978 ·

1398 3053 1541 3119 curando
1564 3055 1713 3136 quaedam
1734 3051 1799 3117 lieri
1820 3052 1928 3136 peiora
1948 3056 2083 3122 videmus

1397 3139 1553 3220 Vulnera,
1577 3161 1654 3222 quae
1676 3141 1785 3204 melios
1806 3161 1870 3204 nou
1891 3140 2027 3224 tetigisse
2049 3143 2119 3207 luit.

1269 3246 1368 3322 Bene
1385 3245 1476 3329 vale.
1525 3247 1593 3319 Die
1609 3249 1671 3322 28.
1686 3243 1878 3344 Aprilis⁸).

1270 3607 1338 3683 No.
1356 3605 1470 3685 8184.
1943 3627 1976 3684 1.
1992 3614 2078 3680 Matr.
2102 3613 2262 3701 (Lipsiae)

1278 3703 1450 3738 Μ
1608 3785 1660 3881 V.
1693 3792 1929 3877 Theodoro.
1970 3713 2233 3749 w

1342 3955 1428 4081 lilii
1440 3951 1594 4096 lilb.pVg.lp.
1605 3952 1657 4010 485
1671 3973 1713 4028 sq.
1730 3985 1768 4000 «-
1801 3956 1855 4014 iiie
1865 3973 1896 4012 es
1907 3955 2075 4029 autographo
2088 3955 2118 4010 in
2130 3957 2194 4011 eod.
2202 3955 2263 4011 Mo-

1322 4169 1377 4244 D.
1406 4171 1518 4249 Vita
1538 4167 1804 4258 Theodoro,
1842 4169 1984 4245 docenti
2004 4169 2156 4268 Evoag.
2180 4169 2216 4239 in

1581 4271 1754 4348 Ecclesia
1771 4271 1971 4370 Naribcrg.

1273 4389 1319 4482 S.
1349 4405 1398 4482 D.
1453 4405 1595 4480 Reddet
1631 4409 1699 4479 tibi
1739 4402 1832 4478 hanc
1873 4403 2057 4497 epistolam
2096 4399 2260 4490 Magister

1274 4504 1590 4582 Bartholomaeus
1612 4504 1791 4605 Wagner
1807 4522 1911 4580 natus
1934 4507 1971 4575 in
1993 4505 2080 4575 urbe
2104 4502 2260 4574 Prussiae

1280 4683 1503 4702 m

1311 4779 1339 4842 1)
1358 4775 1428 4831 Cod.
1446 4775 1531 4832 Paris.
1551 4787 1707 4844 compacto.

1309 4860 1340 4930 2>
1362 4861 1421 4914 iam
1439 4858 1506 4914 Pes.
1522 4877 1580 4914 uon
1598 4860 1686 4916 babet.
1757 4879 1759 4886 ⁴

1309 4942 1338 5013 S)
1357 4945 1469 5012 tardior
1486 4945 1560 4998 abest
1578 4963 1592 4998 a
1612 4945 1675 5000 cod.
1688 4941 1772 4998 Paris.

1309 5027 1338 5098 4)
1356 5025 1424 5098 Cod.
1438 5025 1522 5082 Paris.
1537 5029 1690 5094 coniugem.

1310 5113 1337 5181 5)
1355 5115 1492 5178 maiores]
1511 5113 1573 5167 cod.
1592 5111 1678 5168 Paris.
1697 5114 1812 5166 marr'ta.

1308 5199 1338 5262 6)
1358 5199 1427 5256 cod.
1445 5197 1531 5254 Paris.
1545 5198 1648 5266 suerit.

1306 5285 1333 5351 7)
1351 5283 1417 5339 Iam
1430 5287 1502 5338 enim
1523 5311 1556 5322 -
1572 5311 1607 5326 -
1626 5293 1669 5337 est
1685 5282 1750 5338 Per.
1765 5281 1923 5338 nonhabet.

1310 5371 1339 5444 8)
1359 5370 1427 5429 cot.
1441 5371 1525 5428 Paris.
1540 5369 1585 5426 26.
1592 5369 1703 5444 Aprilis.
