4722 5808
1111 15 1117 54 t

203 261 279 344 859
534 287 536 292 ·
795 241 1234 327 EPISTOLARUM
1281 243 1388 325 ΗΒ.
1426 243 1491 324 tr.
1546 239 1676 320 1⁵45.
2170 237 2248 316 810
2353 267 2354 270 ¹

206 437 430 522 naberentur,
458 418 685 506 mediocriter
715 424 829 500 discit.
885 419 935 497 Et
967 421 1132 517 promisit
1165 443 1202 490 se
1271 413 1499 491 Eruditione
1528 425 1560 488 et
1594 414 1725 488 uirtute
1753 411 1984 512 praestanti,
2018 404 2217 510 Magistro

206 546 385 618 facturum
405 538 570 619 officium.
609 531 707 606 Bene
721 532 810 602 vale.
833 529 913 601 eo.
928 515 1202 619 Septembris*).
1400 517 1430 592 I
1435 527 1539 592 usto
1562 515 1594 590 I
1596 540 1731 606 ortae,
1752 512 1845 610 filio
1869 541 1938 590 suo
1959 515 2090 594 cortes.

719 627 909 724 Philippus
923 622 1151 702 Melamlmn·
1247 639 1292 732 S.
1318 649 1365 730 D.
1414 651 1526 726 Recte
1554 653 1618 723 abs
1645 663 1679 722 te
1708 651 1935 736 factumest,
1960 645 2245 744 quodquamris

1247 757 1365 833 subito
1389 756 1517 828 effusas
1540 755 1661 825 literas
1680 752 1826 837 misisti,
1849 767 1892 824 ut
1911 751 2072 824 studium
2086 763 2190 822 tuum
2206 762 2244 820 et

1247 861 1341 957 patri
1355 873 1391 930 et
1405 853 1497 928 mihi
1511 858 1691 949 probares.
1740 850 1820 924 Etsi
1834 867 1952 925 autem
1968 869 2003 926 te
2025 877 2101 924 non
2122 853 2243 922 solum

209 985 278 1059 No.
293 983 406 1059 8280.
1033 977 1091 1041 29.
1109 967 1195 1052 Sept.
1247 965 1469 1036 voluntatem
1496 983 1612 1028 meam
1634 979 1715 1048 erga
1744 955 2017 1047 rempublicam,
2049 954 2245 1026 sedetiam

219 1079 389 1181 *ῤ’
492 1149 495 1158 .
570 1157 606 1246 C
636 1154 834 1271 Aquilae
1025 1061 1198 1092 Μ
1248 1090 1346 1239 ιιίιειῐι
1368 1057 1433 1135 καὶ
1452 1061 1629 1234 perprius,
1668 1071 1808 1150 sumpta
1834 1082 1876 1128 ex
1898 1059 2050 1152 quadam
2080 1051 2245 1148 pbiloso-

603 1225 613 1247 .
636 1199 638 1206 ’
834 1217 845 1239 .
1248 1194 1272 1262 p
1301 1169 1345 1254 ia,
1371 1185 1475 1235 nosse
1492 1187 1532 1232 ar
1556 1163 1656 1247 itror,
1681 1175 1801 1232 tamen
1817 1173 1852 1230 tc
1868 1159 2149 1229 confirmandum
2167 1173 2244 1227 esse

279 1331 354 1403 ιιι.
371 1324 539 1400 autographo
557 1321 628 1376 rou
647 1321 677 1373 ι..
696 1317 759 1375 ...ι
777 1313 864 1372 nna.
877 1309 987 1366 vestro.
1005 1307 1070 1370 vo.
1084 1304 1119 1361 V.
1137 1305 1203 1360 ...ιιι
1250 1273 1358 1354 duco,
1383 1266 1527 1351 sedita,
1552 1279 1594 1337 ut
1612 1263 1782 1334 exuscites
1796 1261 1916 1332 tamen
1929 1274 1964 1331 te
1979 1263 2024 1332 ad
2045 1260 2245 1330 invocatio-

312 1399 446 1470 doen'pta
464 1415 479 1450 a
497 1395 526 1449 s.
544 1389 580 1446 V.
598 1389 737 1446 Satureio.
1099 1391 1103 1398 ‘
1249 1397 1333 1442 nem
1353 1369 1419 1439 lilii
1436 1365 1517 1441 Dei.
1568 1365 1680 1457 Spero
1703 1358 1800 1434 hunc
1819 1361 1956 1433 Ducem
1971 1359 2150 1433 Ecclesiae
2163 1359 2247 1446 Dei,

407 1476 416 1505 '
1249 1470 1317 1546 τὸν
1338 1464 1453 1570 λόγον
1476 1462 1541 1541 καὶ
1563 1459 1699 1540 etenira
1717 1460 1843 1538 ἀϊδίου
1865 1459 2005 1561 πατρὸς
2024 1487 2100 1534 non
2118 1487 2245 1556 passu-

1249 1599 1330 1647 rum
1346 1597 1437 1656 esse,
1461 1584 1501 1641 ut
1514 1571 1635 1640 furore
1644 1567 1786 1639 ,diaboli
1799 1581 1834 1638 et
1852 1567 1960 1652 armis
1974 1565 2165 1661 Lycaoniis
2179 1566 2246 1635 de-

1251 1680 1365 1748 leatur
1381 1673 1543 1746 doctrina
1565 1665 1630 1743 reni
1644 1663 1753 1768 λόγος
1767 1668 1874 1742 θεοῦ.
1925 1665 2004 1738 Hac
2019 1690 2149 1737 ancora
2164 1667 2248 1738 ani-

211 1867 242 1958 s
281 1881 316 1958 D
379 1871 591 1944 venerande
624 1866 657 1937 D
700 1864 826 1934 Pastor
862 1859 981 1930 Deum
1011 1870 1192 1927 aeternum
1250 1803 1327 1900 mps
1344 1790 1485 1896 nostros
1509 1774 1603 1843 inter
1625 1785 1740 1844 tantas
1755 1770 1929 1862 procellas
1951 1781 2188 1841 sustentemus
2209 1781 2248 1840 et

211 2000 349 2082 patrem
367 1974 516 2050 Domini
537 1969 651 2040 nostri
669 1966 748 2037 lesu
764 1961 915 2048 Christi,
941 1985 1006 2031 oro
1029 1971 1071 2029 ut
1091 1908 1205 2026 servel
1250 1869 2246 2066 ΞὲῖἓὲζῖἒἔξὲἶῗθῖθξῖὲῗὲἓᾙῗᾚἚὲἃεᾟὲ

210 2053 1205 2277 trit
1435 2069 1664 2201 Μ
1827 2071 2088 2192 Esau
2106 2075 2151 2144 re

229 2219 316 2364 bum
340 2283 496 2356 officium
517 2291 610 2347 recte
632 2273 735 2342 faciat
777 2284 811 2340 et
832 2281 1008 2361 pastorem
1029 2211 1205 2334 Ecclesiae
1251 2189 1319 2257 dns
1336 2188 1591 2302 doc-lunaria}
1613 2179 1871 2298 deqlfflplmaf
1899 2177 2176 2295 dep-osium&
2199 2177 2248 2246 de

212 2321 249 2468 let
263 2391 351 2464 colle
377 2409 412 2456 as
429 2385 472 2453 de
486 2393 560 2450 tota
602 2375 702 2445 olitia
720 2325 859 2442 sdholae
877 2371 917 2438 in
935 2367 1123 2440 consilium
1142 2364 1205 2432 ad·
1251 2304 1285 2408 le
1304 2302 1338 2358 el
1355 2286 1434 2356 alus
1453 2285 1558 2402 bonis
1573 2301 1747 2370 mgemls'
1773 2283 1818 2350 de
1833 2275 1890 2348 hm
1909 2278 2132 2368 reglombus’
2155 2300 2247 2371 quae

242 2499 251 2514 ·
353 2413 430 2557 EF
577 2403 599 2469 P
739 2475 775 2544 ‘b
1016 2467 1069 2538 t,
1173 2464 1181 2480 ¹
1251 2415 1321 2510 ram
1337 2401 1420 2508 sunt
1435 2410 1497 2455 arx
1512 2387 1751 2507 literarumqet
1765 2405 1841 2450 non
1855 2379 1988 2503 solum,
2009 2393 2053 2449 ut
2069 2381 2113 2449 de
2130 2373 2248 2452 Athe-

213 2495 344 2613 btbettt·
432 2504 568 2600 ⁰r1¹¹ffi¹¹¹¹
597 2499 749 2569 Praescn
778 2497 835 2554 tre
863 2495 938 2540 ¹¹⁰⁰
967 2494 1013 2562 ΡΟ
1032 2491 1089 2585 ¹¹¹3
1121 2488 1204 2558 <1⁰¹³
1250 2504 1369 2562 ms'art
1385 2483 1628 2581 Thucydides,
1652 2479 1845 2562 naedevoee
1861 2475 2058 2564 ‘Eitudoc,
2084 2483 2145 2550 sed
2162 2505 2248 2551 eru-

210 2595 432 2674 ssesssslebflma
464 2609 529 2680 (lm
561 2604 658 2650 ΜΕ
691 2588 850 2646 servetur
880 2574 968 2642 ⁰¹'d0
1001 2570 1205 2639 helmum·
1251 2593 1395 2671 ditrices
1410 2586 1589 2660 Ecclesiae
1603 2583 1672 2656 Dei
1689 2587 1728 2654 in
1744 2607 1871 2675 magna
1894 2596 1994 2676 parte
2011 2582 2109 2652 orbis
2130 2596 2249 2654 terra-

216 1530 438 1618 Venerando
455 1529 532 1601 viro
552 1523 754 1600 eruditione
777 1532 808 1594 et
831 1520 965 1620 pietate
983 1511 1203 1615 praestanti,

211 1641 327 1717 Dom.
341 1633 433 1710 Cas
440 1657 555 1730 paro
570 1625 789 1728 Aquilae,
812 1621 1000 1718 Episcopo
1013 1615 1205 1690 Ecclesiae

427 1733 506 1806 Dei
529 1733 569 1804 in
589 1727 753 1811 salvelt,
777 1726 896 1796 amico
912 1747 994 1810 suo,

215 2698 290 2792 Qui
316 2695 347 2766 ⁸5
368 2685 563 2783 P¹⁰b³bill⁸
580 2695 649 2766 ‘⁵²²
674 2703 750 2748 ”⁰¹¹
769 2677 878 2746 Velim
900 2673 1004 2743 fal-lle
1026 2695 1108 2740 ‘um
1125 2691 1204 2736 ‘¹¹¹¹‘
1251 2719 1351 2780 rum,
1375 2691 1530 2782 angime
1547 2689 1681 2760 iustum
1700 2701 1762 2760 est.
1811 2681 1931 2755 Erunt
1952 2697 2069 2756 autem
2086 2677 2173 2754 haee
2189 2684 2250 2754 di-

214 2801 295 2876 tari.
345 2793 436 2864 Nam
463 2787 605 2859 crebrae
630 2780 844 2850 mutationes
874 2799 950 2845 non
978 2786 1061 2844 sunt
1089 2771 1205 2841 utiles.
1251 2797 1335 2866 vina
1357 2790 1544 2867 bonaneo
1566 2813 1685 2861 curae·
1736 2787 1834 2858 Bene
1852 2787 1941 2858 vale·
1993 2783 2062 2856 Die
2084 2786 2117 2861 1·
2134 2781 2252 2856 Octo-

214 2903 287 2978 Sed
302 2894 451 2970 omnino
465 2900 602 2967 curate,
628 2897 668 2954 ut
690 2880 793 2975 pueri
814 2877 1003 2968 adigantur
1023 2896 1141 2944 severe
1160 2871 1205 2940 ad
1256 2899 1343 2971 bris·

215 2999 422 3078 discendum
446 2991 641 3082 regularem
667 2982 943 3074 grammaticam,
977 2973 1205 3048 -Detestanda

216 3120 269 3178 est
289 3102 384 3174 enim
407 3095 529 3187 opinio
554 3089 779 3184 quorundam
801 3083 1013 3163 sciolorum,
1046 3075 1206 3171 quisine

216 3206 347 3298 regulis
370 3193 611 3292 grammatices
625 3190 766 3262 solunt
785 3186 946 3274 linguam
962 3181 1111 3262 latinam
1133 3176 1205 3246 sola

217 3300 473 3382 consuetudine
487 3292 632 3388 percipi.
672 3289 712 3361 Si
727 3301 844 3358 autem
860 3309 939 3355 meo
956 3281 1105 3353 consilio
1118 3299 1208 3369 opus
1260 3266 1474 3400 Q
1889 3267 1925 3331 6.
1945 3261 2019 3327 Oct.
2042 3259 2241 3343 (Mendetd.)

218 3434 291 3484 esse
315 3396 580 3479 existimabitis,
604 3385 696 3460 mihi
717 3391 868 3460 formam
897 3395 1116 3476 praesentem
1145 3381 1209 3448 de-

217 3497 388 3602 scriptam
406 3501 554 3582 mittite,
578 3508 619 3566 ut
638 3515 757 3562 meum
776 3487 966 3558 consilium
989 3486 1128 3553 adeam
1151 3501 1209 3548 ac·
1553 3451 1614 3540 Μ.
1637 3449 1950 3564 Meienburgt'o.

219 3609 442 3688 commodare
465 3601 607 3694 possim.
666 3591 774 3664 Mitto
797 3590 863 3708 tibi
887 3609 1014 3680 paucas
1046 3581 1210 3699 pagellas,
1393 3627 1478 3701 Epio.
1493 3627 1543 3684 ltb.
1559 3628 1594 3682 v·
1614 3645 1640 3700 p.
1653 3625 1705 3680 548
1718 3643 1758 3697 oq.

218 3717 303 3812 quia
318 3733 414 3781 nunc
430 3701 524 3776 nihil
539 3697 713 3769 habebam
730 3705 917 3764 recentrus.
968 3684 1065 3758 Bene
1080 3699 1114 3756 et
1130 3683 1210 3754 felt·
1431 3698 1433 3707 ’

218 3819 306 3890 citer
317 3813 406 3886 vale.
457 3804 526 3876 Die
540 3813 744 3872 sanctorum
757 3784 1029 3886 Angelorum²).
1282 3780 1519 3861 Michaeli
1548 3779 1845 3880 Meienburg,
1882 3779 2029 3854 consuli
2055 3774 2232 3854 Northu.

633 3983 639 3993 ,
729 3908 920 4004 Philippus
934 3902 1163 3980 Melanthon.
1500 3927 1522 3962 ι,
1699 3909 1806 3960 sano.

1177 4117 1196 4122 -
1260 4003 1305 4095 S.
1327 4024 1373 4101 D.
1423 4020 1504 4094 Etsi
1530 4021 1703 4106 arbitror,
1744 4021 1978 4091 offensionem
2004 4019 2123 4105 illam,
2162 4043 2255 4114 quae

1260 4130 1329 4199 luit
1356 4139 1475 4197 ortae
1501 4149 1602 4194 caeco
1629 4117 1910 4207 melancholico,
1945 4122 2099 4192 sedatam
2127 4118 2256 4216 esse¹):

451 4135 493 4144 ⁸-
505 4127 710 4142 ,οο-...η---ωφ-
719 4119 1131 4133 ..ω-ι--α-ω--η--ω-
1143 4119 1160 4124 ι-
1170 4119 1176 4122 -

233 4137 450 4156 ...----·--·-

222 4249 534 4356 (Melanthon
569 4273 660 4320 cum
686 4238 898 4318 Luthero
930 4233 1215 4340 proficisci·
1262 4245 1381 4301 tamen
1403 4223 1472 4299 hoc
1493 4240 1668 4318 tempore,
1694 4224 1757 4318 qui
1779 4235 1928 4314 possunt
1950 4245 2025 4292 esse
2048 4245 2256 4312 congressus
2353 4289 2354 4292 ,

468 4380 542 4442 ru,-
568 4359 958 4464 Mansseldiam)
1262 4329 1411 4416 hilares,
1446 4354 1528 4399 cum
1559 4327 1721 4396 omnium
1744 4325 1857 4395 animi
1887 4325 2048 4415 occupati
2067 4339 2151 4395 sunt
2172 4347 2256 4394 cura
2353 4349 2354 4384 ι

1263 4433 1503 4528 periculorum
1517 4429 1757 4520 publicorum.
1797 4424 1882 4496 Ideo
1901 4451 1977 4496 non
1991 4449 2069 4496 sum
2083 4420 2258 4510 hortator,
2353 4495 2354 4498 ,

228 4579 454 4597 ...ww
472 4566 1215 4600 -------—-·-,--——-——---
1262 4551 1303 4608 ut
1327 4531 1397 4605 hue
1410 4529 1441 4626 ²)
1463 4531 1625 4604 veniatis.
1690 4525 1739 4600 Et
1762 4528 1908 4621 opinor,
1933 4549 2009 4598 cras
2038 4551 2104 4597 nos
2132 4550 2256 4598 rursus

224 4703 291 4779 No,
307 4699 418 4774 3281.
941 4705 973 4764 1.
991 4693 1065 4758 Ost.
1080 4693 1218 4777 (Halae.)

231 4799 402 4834 w
974 4785 1186 4823 Μ
1263 4742 1354 4812 lecto
1371 4733 1439 4806 hoc
1456 4748 1616 4826 tempore
1631 4757 1706 4804 nou
1723 4733 1876 4803 libenter
1892 4731 2026 4804 absum.

577 4874 730 4972 lonae,
755 4863 866 4980 filio.
1272 4921 1485 4936 ...-...-.-

292 5050 317 5121 †
335 5047 374 5102 Er
393 5037 548 5118 apographo
567 5036 594 5092 in
613 5033 676 5092 eod.
695 5032 809 5089 Monac.
826 5029 869 5086 tt.
887 5045 934 5082 no.
954 5027 1002 5083 lv-
1019 5047 1045 5100 Ρ·
1057 5025 1118 5082 2⁶2·
1297 5043 1327 5115 11)
1346 5041 1453 5125 Scripta
1467 5047 1507 5094 est
1525 5039 1602 5109 epist.
1621 5037 1650 5090 in
1668 5035 1867 5159 itinerei’quod
1882 5031 2042 5090 Melantbon
2059 5053 2123 5090 cum
2138 5033 2256 5092 tuum

229 5189 451 5212 ..---·--
1333 5111 1398 5166 lecit
1416 5129 1442 5164 ιιι
1461 5108 1571 5163 Lutberi
1589 5105 1724 5179 patriam,
1748 5123 1765 5158 u
1787 5105 1796 5158 i
1814 5105 1929 5160 adverse
1947 5103 2103 5158 valetudine
2121 5104 2201 5160 raldo
2216 5103 2257 5158 la·

1332 5179 1457 5235 bombat.
1499 5177 1624 5232 Fortasse
1641 5175 1741 5246 scripta
1759 5183 1801 5228 ert
1818 5172 1902 5228 llrlre
1921 5173 1993 5246 apud
2012 5173 2108 5226 lenam
2126 5183 2240 5246 patrem.

256 5281 286 5347 s)
302 5279 414 5334 Annum
431 5271 508 5328 1515.
532 5268 582 5324 ulia
603 5281 700 5322 ιιιιιιιιι
718 5260 869 5332 adscripsit·
1299 5267 1326 5333 1)
1345 5265 1387 5320 De
1405 5263 1513 5316 Joanne
1531 5259 1630 5318 Creon
1655 5259 1795 5334 loquitur,
1824 5257 1858 5312 de
1876 5275 1932 5329 quo
1951 5257 2006 5312 rid.
2032 5275 2076 5329 ep.
2098 5257 2128 5314 d.
2148 5257 2191 5316 tt.
2209 5257 2254 5312 lot.

260 5369 289 5436 1)
309 5365 353 5420 De
373 5379 406 5415 eo
424 5357 481 5418 uid.
499 5353 578 5428 epist.
597 5351 624 5410 d.
645 5351 686 5406 11.
703 5347 778 5422 Sept.
1335 5343 1360 5388 et
1380 5333 1407 5388 d.
1425 5333 1468 5387 tt.
1486 5331 1558 5388 Nor.
1578 5329 1655 5384 1⁵42.

258 5451 288 5522 Ι)
308 5445 403 5504 Serior
420 5457 517 5498 manue
535 5433 678 5510 adscripsit
692 5449 795 5491 sunum
814 5426 891 5483 rste.
1299 5421 1328 5490 2)
1348 5413 1548 5490 Manrleldiam,
1565 5415 1612 5471 ubi
1633 5410 1704 5469 Mel.
1721 5420 1781 5468 tum
1799 5419 1856 5468 erat
1876 5427 1941 5468 enm
1959 5409 2086 5466 luthero.

1264 4639 1332 4709 iter
1346 4637 1565 4725 ingressuros
1581 4656 1672 4717 esse,
1697 4643 1737 4701 ut
1758 4632 1904 4700 domum
1919 4631 2114 4702 redeamus.
2137 4681 2140 4688 -
2166 4627 2258 4700 Pro·
2353 4683 2354 4714 ,
