4654 5804
83 313 168 398 sot·
224 313 230 332 “
650 295 1085 392 EPtsTo'LAttttM
1141 307 1343 388 mults.
1396 308 1525 392 1644.
1880 337 1924 410 χ
2030 327 2112 404 soe

83 487 356 564 cavillationibus
380 487 696 580 arrtrmstr'uptelis,
720 488 783 561 sod
799 486 879 560 vult
895 501 1063 558 maeren-
1112 497 1240 576 petam.
1265 477 1421 572 Deinde,
1433 487 1530 581 quod
1544 485 1706 575 fauorem,
1719 489 1856 563 etiamsi
1868 492 1944 589 ipse
1956 499 2101 578 boisum

84 605 131 666 ter
151 605 183 664 ct
202 590 354 680 graviter
375 590 493 662 audiri
509 610 632 666 vocem
656 590 838 674 divinam,
862 589 1065 660 sultmctas
1112 587 1278 658 editionis
1294 589 1437 673 auctor,
1460 589 1495 658 id
1510 614 1606 662 nunc
1618 617 1760 686 quoque
1775 593 1878 671 facio.
1928 599 2103 680 Profiteor

84 693 233 768 coelestis
264 693 448 764 doctrinae
480 694 640 784 agnosd,
678 705 776 766 estas
802 715 890 786 quas
923 690 1063 782 evagari
1112 712 1169 760 me
1200 689 1366 782 amplecti
1390 692 1600 762 sententiam
1626 689 1864 768 Ecclesiamm
1887 717 2102 798 nostrarum,

83 797 253 868 mentibus
267 797 397 868 nostds
414 819 489 866 non
510 796 602 868 licet.
651 793 809 890 Ideoque
823 795 899 866 vnlt
914 789 1012 864 Deus
1029 805 1064 864 ct
1111 816 1220 886 quam
1235 816 1319 862 vere
1333 792 1454 864 iudico
1469 817 1543 864 esse
1558 819 1769 870 consensum
1782 795 2102 886 EcclesiaeChristi

83 900 117 970 in
137 895 291 968 Ecclesia
314 913 350 968 et
373 899 413 968 io
437 895 567 970 scholis
590 899 746 991 proponi
766 909 799 970 et
815 895 982 988 explicari
996 898 1062 966 do-
1110 909 1340 986 pespetunm,
1364 908 1398 966 et
1414 897 1619 967 doctoribus
1634 893 1874 974 Ecelesiarum
1897 923 2100 986 nostrsmm

83 1001 240 1088 etrinsm,
266 1025 373 1094 quarn
388 1001 546 1080 tradidit.
596 996 645 1072 Et
667 1024 805 1093 semper
819 997 983 1070 excitavit
996 999 1062 1068 do·
1111 997 1275 1086 permitto
1295 997 1469 1068 iudicium
1493 1011 1527 1068 et
1540 1000 1584 1068 de
1600 995 1656 1068 his
1669 1006 1982 1098 annotationibus,
2007 1019 2103 1089 etde

82 1117 203 1188 stores,
237 1103 300 1197 qui
329 1122 406 1174 eam
429 1126 492 1194 pro
565 1117 684 1188 arent,
716 1116 751 1172 et
769 1101 870 1196 quasi
900 1103 1064 1171 custodes
1109 1099 1277 1170 omnibus
1292 1099 1431 1190 scriptis
1457 1102 1556 1170 meis.
1607 1100 1698 1174 Nam
1712 1101 1891 1180 Ecclesiae
1916 1113 2100 1206 iudicium,

82 1219 185 1278 essem
199 1218 390 1300 perpetuae
413 1205 453 1274 in
467 1125 624 1392 Eddhqa
639 1205 851 1288 sententiae,
876 1202 963 1274 alias
980 1201 1062 1294 plu·
1109 1223 1201 1293 quae
1227 1225 1348 1270 vocem
1371 1197 1557 1291 Evangelii
1581 1219 1702 1289 sonat,
1730 1211 1915 1282 exanimo
1939 1239 2100 1310 veneror,

81 1331 130 1378 res
147 1321 180 1378 et
196 1308 322 1380 maiori
338 1308 417 1381 luce
437 1307 587 1383 donatos
631 1307 719 1378 alias
733 1307 916 1398 pauciores
940 1304 1063 1378 etim-
1109 1316 1144 1372 et
1157 1321 1294 1394 semper
1309 1308 1550 1376 venerandum
1567 1329 1640 1376 esse
1657 1309 1759 1384 duco.
1970 1388 1975 1402 ¹
2108 1381 2113 1390 ,

81 1409 282 1485 bacilliores.
337 1405 497 1480 Colesrda
520 1397 734 1500 suut‘igitur
757 1403 842 1478 haec
862 1407 977 1480 studia
996 1408 1061 1476 do·
1209 1403 1263 1474 De
1284 1407 1471 1476 enarrandi
1495 1409 1631 1478 ratione
1655 1412 1806 1501 praefari
1822 1416 1907 1510 quid
1930 1423 2101 1509 possum?

81 1511 204 1582 ctrinae
219 1511 370 1584 traditae
386 1511 592 1596 divinitus,
604 1505 910 1584 et'ronsorvendac
937 1509 1063 1600 etpri·
1109 1530 1189 1576 cum
1207 1507 1395 1577 consilium
1413 1509 1580 1579 editionis
1595 1533 1668 1579 non
1686 1515 1851 1604 probem,
1875 1533 1910 1590 et
1925 1516 1992 1592 h'ae
2008 1523 2098 1595 iciti-

82 1625 171 1684 ratae
190 1615 439 1686 meditationes
460 1614 672 1687 confirmant
691 1637 811 1710 veram
826 1614 871 1684 do
886 1609 962 1683 Deo
979 1635 1061 1682 seo·
1109 1633 1176 1680 nae
1196 1609 1443 1680 annotationes
1473 1635 1697 1707 nequaquam
1720 1621 1957 1708 respondeant
1975 1621 2099 1696 Evan-

82 1716 217 1786 tcntiam
251 1717 292 1786 in
323 1717 470 1802 animis,
505 1708 703 1788 accendunt
731 1713 993 1786 invocationem
1027 1726 1062 1785 et
1109 1711 1282 1800 galiorum
1298 1711 1539 1802 amplitudini.
1588 1711 1652 1785 Est
1668 1719 1959 1814 omninomagua
1978 1729 2101 1799 ctdil-

81 1817 159 1888 alios
189 1819 268 1909 pios
297 1831 425 1892 motus.
473 1817 555 1904 ,sed
587 1820 626 1891 in
660 1817 875 1892 editionibus
908 1815 1062 1908 publicis
1109 1813 1212 1882 ficilis
1227 1835 1282 1882 res
1299 1814 1485 1905 explicatio
1498 1811 1703 1906 Evangelii,
1728 1823 1844 1914 quod,
1869 1839 1910 1896 ut
1924 1841 2026 1900 autea
2043 1831 2101 1900 dl-

82 1943 194 1990 omnes
209 1921 299 1992 boni
322 1934 357 1991 ct
373 1922 565 2012 prudentes
578 1934 704 2014 optant
721 1921 897 1994 soloecon
910 1913 1059 1992 adhibe-
1108 1915 1169 2022 xi,
1186 1916 1451 2008 complectenda
1467 1917 1513 1987 sit
1528 1919 1740 2008 rogitatione
1754 1926 1918 1998 universa
1937 1931 2100 2004 omnium

81 2022 126 2102 ri,
156 2035 190 2094 et
209 2023 377 2114 pauciora
399 2023 528 2114 scripta
549 2024 811 2112 gravimnnsura
832 2020 1059 2111 comprobata
1108 2028 1308 2109 temporum
1323 2013 1499 2104 Ecclesia,
1525 2032 1558 2090 et
1584 2025 1776 2111 prudenter
1798 2028 2031 2104 discernenda
2055 2035 2102 2108 sit

82 2125 186 2214 ,pugi
209 2126 249 2193 in
274 2125 455 2216 populo(
479 2122 597 2196 Huius
624 2127 675 2194 rei
698 2150 818 2194 curam
845 2124 1065 2198 mandarunt
1109 2119 1166 2188 let
1188 2113 1476 2210 apromissione,
1501 2147 1590 2216 quae
1607 2138 1658 2195 est
1671 2123 1858 2218 Evangelii
1873 2136 2040 2226 propria,
2065 2151 2101 2210 et

82 2226 213 2318 quidem
233 2225 420 2317 Principes
440 2228 568 2308 nobis,
594 2228 657 2322 qui
672 2227 789 2296 studia
804 2223 987 2295 doctrinae
1003 2247 1061 2293 re·
1110 2221 1149 2293 in
1163 2223 1284 2294 multis
1308 2223 1394 2294 locis
1416 2228 1688 2298 monstrandum
1706 2229 1896 2303 discrimen
1910 2231 2108 2329 Evangelii-

82 2327 203 2414 gimus3
220 2309 290 2399 ‘sed
314 2329 398 2422 quia
424 2353 500 2398 non
521 2331 733 2400 adiuvamur
746 2331 791 2399 ab
807 2329 874 2412 eis,
900 2326 1061 2396 officinae
1111 2337 1145 2392 et
1160 2324 1284 2396 iudicii
1299 2319 1459 2398 humani.
1510 2323 1623 2398 Nemo
1640 2344 1754 2422 potest
1775 2333 2003 2428 interpretari
2018 2365 2100 2432 par·

81 2427 236 2502 librariae
270 2444 409 2500 nostras
442 2431 704 2502 admonitiones
737 2455 777 2502 ac
809 2430 919 2520 leges'
936 2428 1062 2498 leviter
1109 2439 1160 2496 tes
1176 2423 1384 2517 Evangelii,
1405 2427 1476 2496 nisi
1491 2425 1668 2520 integrum
1684 2433 1866 2507 doctrinae
1881 2463 2100 2532 corpusins-

82 2547 206 2606 eurant,
611 2597 619 2614 ,
714 2543 718 2556 '
1005 2548 1008 2556 ’
1111 2529 1278 2600 diocriter
1291 2541 1424 2600 teneat:
1454 2531 1550 2623 quod
1568 2555 1647 2602 cum
1667 2536 1787 2607 auimo
1802 2537 2099 2632 comprehensum

171 2626 247 2726 Ego
273 2634 371 2706 domi
407 2634 533 2704 solitus
566 2657 644 2719 sum
670 2633 859 2702 iuvenibus
886 2627 1061 2700 summam
1111 2645 1178 2714 est,
1210 2633 1405 2722 prudenter
1428 2632 1639 2720 videndum,
1671 2639 1715 2706 ad
1738 2663 1844 2732 quam
1865 2657 2001 2734 partem
2023 2647 2101 2718 sim

83 2731 482 2808 doctriuaeChristianae
497 2737 657 2820 tradere,
683 2749 717 2805 et
731 2734 901 2804 lectiones
915 2735 1061 2803 usitatas
1109 2733 1211 2820 gulae
1230 2727 1399 2804 historiae
1420 2747 1480 2804 aut
1504 2735 1693 2806 conciones
1721 2739 1761 2810 in
1783 2737 1984 2836 Evangelio
2009 2750 2101 2820 rete-

82 2835 284 2908 inEcclesia
301 2855 515 2930 proponere,
529 2841 575 2907 ut'
587 2839 631 2908 ad
647 2837 913 2906 meditationem
930 2835 1061 2905 devir-
1109 2837 1241 2904 rendae
1264 2835 1349 2908 sint.
1399 2831 1449 2906 Et
1465 2837 1714 2920 concionator,
1741 2845 1914 2936 qui‘rolet
1934 2851 2106 2941 prodesse

82 2949 146 3010 tute
161 2940 325 3012 omnium
338 2963 501 3030 summa,
525 2941 561 3010 id
587 2954 657 3024 est,
677 2941 721 3008 de
741 2939 922 3028 agnitione
945 2953 980 3010 et
1003 2938 1061 3004 in·
1108 2936 1263 3028 populo,
1288 2937 1389 3008 dabit
1409 2961 1573 3028 operam,
1596 2953 1638 3010 ut
1659 2945 1838 3016 auditores
1858 2949 1964 3020 etiam
1980 2959 2107 3025 amnes

83 3041 330 3130 vocationeDei
345 3043 587 3126 assuefierent,
614 3056 648 3111 et
662 3041 730 3110 alia
749 3041 862 3110 officia
873 3039 949 3112 Deo
964 3052 1061 3129 grata
1108 3038 1234 3123 saciat,
1267 3052 1308 3110 ut
1326 3053 1499 3110 summam
1523 3045 1702 3133 quandam
1726 3047 1905 3120 doctrinae
1926 3049 2102 3126 Christia-

82 3133 255 3220 discerent.
300 3139 473 3214 Etmulta
488 3144 624 3214 suntin
643 3145 717 3234 ipsa
734 3139 922 3232 Evangelii
937 3141 1063 3212 lectio·
1110 3165 1177 3210 nae
1192 3140 1313 3210 animo
1327 3137 1626 3232 comprehendere
1642 3148 1823 3236 studeant,
1856 3164 1890 3222 et
1909 3157 2011 3248 quasi
2028 3179 2104 3229 uss-

82 3267 136 3330 ne,
159 3265 248 3340 quae
271 3246 349 3314 sine
369 3246 499 3330 literis,
526 3245 602 3315 sine
619 3240 850 3314 historiarum
873 3244 1062 3314 collatione
1108 3243 1342 3336 paconossic¹5
1369 3255 1403 3314 et
1419 3244 1458 3312 in
1475 3245 1625 3335 singulis
1642 3251 1798 3320 materiis
1817 3253 1946 3344 dirigat
1966 3258 2104 3330 oration

82 3368 146 3415 non
161 3349 421 3438 intelliguntur.
459 3346 537 3417 lmo
553 3348 709 3438 proiecto
728 3347 790 3440 qui
807 3369 979 3416 summam
998 3347 1062 3414 do·
1092 3369 1193 3426 ‚nem
1216 3346 1261 3414 ad
1283 3359 1396 3416 certos
1420 3346 1496 3416 cius
1515 3349 1675 3440 corporis
1698 3351 1811 3424 locos':
1852 3350 1917 3426 hoa
1940 3382 1983 3428 es
1998 3363 2102 3432 'reris

82 3451 203 3520 ruinae
223 3447 492 3520 Ecclesiasticus
513 3451 570 3517 vel
592 3449 818 3519 mediocriter
833 3447 912 3516 vult
928 3447 1063 3516 intelli·
1110 3447 1353 3518 fundamentis
1374 3461 1529 3521 exstruat
1544 3465 1578 3520 et
1602 3452 1764 3530 illustret
1815 3455 1913 3528 Haec
1927 3469 2101 3554 quantum

83 3571 170 3637 gere,
193 3547 293 3622 Ense
307 3551 449 3621 neeesse
463 3563 515 3620 est
531 3553 649 3623 noeane
662 3551 800 3636 intueri
808 3531 1065 3635 sosainpoundi
1110 3571 1233 3630 curae,
1264 3549 1489 3640 diligentiae,
1521 3555 1749 3643 prudentiae,
1779 3561 2021 3650 eruditionis,
2038 3590 2102 3636 cu·

82 3643 272 3740 historiam,
307 3667 341 3724 et
363 3651 592 3725 de'm'asinils
613 3654 720 3721 rebus
742 3649 1064 3720 considerare-dis-
1111 3651 1189 3742 piac
1218 3653 1417 3743 requirant,
1459 3654 1645 3724 mediocris
1679 3658 2101 3756 interpres'esperinndo

83 3753 593 3826 criminacoelestis‘doctrinae
610 3755 645 3823 e't
666 3749 904 3822 humanarum
918 3752 1063 3844 opinio-
1110 3766 1305 3840 cognoscet.
1354 3749 1431 3842 Ego
1450 3753 1488 3822 in
1506 3749 1562 3824 his
1576 3760 1721 3848 pagellis
1742 3761 1930 3851 brevibus,
1953 3761 2041 3838 haee
2056 3787 2102 3840 ne
2151 3809 2153 3822 ·

83 3877 170 3924 num.
218 3855 394 3928 Aliterd‘e
416 3857 641 3926 invocatione
655 3853 751 3938 Dei,
770 3855 992 3945 depemto',
1019 3856 1063 3923 de
1109 3855 1211 3946 potui
1232 3855 1374 3947 quidem
1399 3856 1553 3941 efficere,
1585 3861 1645 3930 sed
1674 3861 1713 3930 in
1732 3863 1914 3957 aliquibus
1936 3864 2104 3943 inchoata

82 3959 379 4043 reconciliatione,
400 3959 685 4043 deinstiiia,'de
706 3955 977 4042 sansismerlis,
999 3957 1064 4024 do-
1110 3981 1166 4026 res
1188 3970 1249 4028 cst.
1312 3955 1422 4026 Multi
1455 3971 1538 4026 sunt
1565 3975 1682 4030 autem
1709 3965 1808 4053 digni
1831 3968 2102 4060 vituperatione,

84 4057 180 4150 nique
198 4064 242 4132 de
265 4062 388 4130 mul'tis
406 4061 570 4132 maximis
586 4061 691 4129 rebus
707 4054 863 4128 humana
881 4058 1064 4128 raliodis-
1111 4072 1246 4127 veteres
1270 4069 1305 4132 et
1333 4071 1507 4144 recentes,
1542 4062 1667 4154 quiin
1694 4089 1942 4164 quamcunque
1967 4087 2101 4162 partem

84 4175 188 4247 putat;
214 4163 510 4254 aliterpraecipit
531 4161 690 4232 eoelestis
711 4155 894 4233 escarius..
930 4157 1064 4230 Esne-
1084 4187 1088 4243 ι
1110 4157 1297 4250 Evangelii
1327 4159 1509 4246 incidunt,
1542 4165 1714 4254 quaedam
1744 4169 1903 4258 vulgaria
1931 4166 2107 4275 πάρεργα

85 4283 166 4332 cesse
186 4267 243 4335 est'
258 4265 458 4348 insensate
476 4263 700 4346 discrimina,
724 4277 766 4332 ut
788 4263 835 4331 sd
852 4259 1063 4360 vocemliei
1112 4264 1254 4346 dieunt,
1278 4286 1369 4355 quae
1385 4255 1518 4332 hahent
1533 4263 1569 4332 in
1589 4281 1743 4356 promtu.
1793 4267 1848 4340 De
1867 4267 1922 4341 his
1938 4277 2025 4344 dum
2039 4281 2102 4348 d'e-

85 4383 141 4431 nos
163 4365 371 4457 alligemus‚'
390 4389 454 4436 nec
478 4380 611 4436 temere
629 4365 799 4453 vagemur
820 4364 980 4448 animisp
994 4363 1064 4434 irin
1112 4366 1267 4435 clamant
1280 4365 1415 4444 otiose,
1433 4369 1535 4456 saepe
1552 4367 1695 4454 accidit,
1715 4384 1755 4440 ut
1769 4375 2005 4446 natimadverti
2022 4403 2102 4470 pos-

85 4479 206 4554 gcntes,
234 4481 275 4538 ut
301 4469 433 4538 multos
457 4468 598 4549 audivi,
630 4460 900 4556 Philosophiana
920 4465 1065 4556 religio-
1112 4469 1173 4552 sit,
1199 4466 1304 4562 ἕτερα
1317 4459 1388 4558 μὲν
1401 4464 1468 4540 τὸν
1481 4460 1592 4553 πόδα,
1619 4465 1780 4566 ἕτεραδὲ
1795 4470 1863 4554 τὸν
1878 4474 2031 4570 ῥυθμὸν
2045 4479 2102 4553 λε’-

86 4586 149 4638 nes.
205 4565 355 4663 Aliquid
380 4571 490 4659 igitur
511 4569 737 4660 familiariter
756 4569 910 4640 disserui
923 4570 967 4638 de
987 4570 1066 4660 ple-
1111 4593 1201 4669 ysces.
1263 4565 1310 4638 Ut
1330 4581 1447 4641 autem
1470 4565 1645 4642 Anchises
1668 4575 1773 4659 dicit,
1800 4577 1913 4648 scelus
1935 4605 2007 4650 esse
2027 4586 2101 4656 dis-

86 4665 196 4763 risqne
219 4672 324 4757 locis,
361 4672 560 4766 dequibus
580 4669 824 4742 antn'smo'um
842 4659 953 4740 'esidt
967 4672 1065 4742 incli-
1112 4671 1242 4741 sentire
1262 4669 1411 4742 oratoris
1433 4695 1554 4741 vocem
1577 4674 1673 4764 lege,
1699 4673 1749 4746 ita
1771 4679 1884 4749 mullo
1898 4683 2009 4774 magis
2028 4710 2102 4756 sse-

88 4767 179 4840 ciuro.
206 4771 305 4844 'Nee'
325 4773 522 4863 existimavi
543 4774 724 4854 intutum,
748 4777 789 4844 isi
811 4768 1072 4844 hosd'onestie,
1112 4777 1167 4844 lus
1198 4787 1268 4853 est,
1287 4757 1504 4878 'interpretis
1537 4775 1576 4843 in
1605 4771 1764 4848 Ecclesisi
1789 4783 1921 4851 voc'em
1942 4807 2110 4883 pugnare·

88 4891 138 4938 cos
158 4897 352 4960 sermones,
383 4893 474 4970 quos
504 4875 582 4967 ipse
604 4900 678 4944 nou
707 4873 934 4968 scripseram,
964 4874 1064 4969 q'uis-
1111 4869 1415 4963 cnmEuaugello.
1468 4875 1687 4949 dubitaretur
1707 4881 1835 4972 igiter,
1861 4894 2018 4971 estsere,
2037 4890 2113 4958 re&

88 4992 182 5062 quam
201 4977 366 5051 cliuum·
392 4976 637 5070 'Quamquam
658 4992 777 5048 autem
795 5002 941 5070 prorsus
958 4981 1068 5070 qia}
1111 4993 1185 5062 ota,
1210 4969 1296 5046 nata·
1315 4977 1354 5045 in
1368 4967 1459 5070 {ipsis
1482 4971 1664 5067 foecibus,
1686 4995 1721 5053 et
1740 4985 1911 5056 salutaria
1930 4987 2101 5076 dicamus,

88 5071 148 5142 rim
172 5101 245 5147 non
275 5087 348 5150 es'se
372 5081 504 5170 editus,
537 5093 656 5151 tamen
678 5080 1083 5150 miuusnuoneuserem'
1110 5097 1144 5152 et
1165 5081 1203 5149 in
1224 5080 1343 5148 verbis
1366 5081 1617 5172 proprietatem
1642 5086 1807 5156 usitatam
1830 5083 2032 5178 Apostolis,
2067 5101 2101 5165 et

89 5170 144 5259 iis,
164 5181 223 5272 qui
239 5205 399 5273 spargere
412 5196 622 5274 coeperunt,
644 5181 676 5250 'si
699 5177 793 5252 mihi
811 5183 1086 5262 concessissent,
1109 5185 1148 5252 in
1183 5185 1393 5274 exponendo
1430 5183 1594 5252 ordinem
1637 5188 1811 5255 artificum
1846 5183 2100 5266 adhibeamus!

89 5283 287 5355 emendandi
301 5285 473 5376 spatium,
496 5299 558 5356 aut
573 5286 604 5354 si
619 5284 687 5376 ipsi
702 5285 857 5370 seuerius
876 5289 1061 5354 sinendos-
1109 5284 1258 5376 Quodsi*
1282 5285 1466 5368 munos,
1498 5309 1617 5380 rerum
1642 5306 1835 5358 censensus
1860 5287 2099 5367 Ecclesiasum

90 5393 158 5449 sent
170 5375 231 5454 has
244 5389 471 5458 confusaneas
485 5387 745 5459 eoncirrneulas.
770 5385 875 5461 Nono
890 5381 964 5458 hue'
971 5383 1069 5456 scribi.
1107 5385 1333 5483 concordiam
1350 5387 1527 5478 retinebit,
1588 5383 1677 5458 Nam
1697 5391 1765 5482 piis
1787 5394 1989 5484 pastoribus
2002 5412 2100 5470 utre-

91 5489 215 5554 tantum
230 5488 395 5562 relictoue
411 5493 545 5575 estsot
568 5489 709 5560 alienae
726 5489 1058 5584 stultitiis-,veniam
1081 5523 1083 5530 ¹
1107 5517 1176 5586 que
1194 5514 1250 5562 res
1263 5513 1366 5662 ευδτέε
1381 5511 1454 5557 esse
1470 5489 1590 5574 debet,
1618 5491 1772 5580 primum
1788 5495 1953 5582 veritatis,
1969 5501 2101 5572 deiude

135 5585 304 5658 Μιιιιτιι.
333 5593 437 5660 Orsa.
490 5595 573 5660 Vos.
600 5595 644 5662 V.
765 5633 771 5638 ·
961 5645 968 5654 ·
