4654 5804
196 253 272 332 dol
771 239 1211 322 EPISTOLARUM
1261 242 1374 324 LlB.
1406 242 1471 323 1x.
1524 240 1659 325 tots.
2165 249 2239 326 608

676 417 709 490 Β
1075 413 1078 420 ’
1246 417 1343 488 misit
1371 431 1406 488 et
1435 413 1618 505 exhibuit,
1650 419 1789 513 fuitque
1816 415 1975 492 Ecclesia
2003 418 2071 494 D'ei
2100 443 2237 515 semper

332 555 465 638 Versio
486 551 611 628 latino
632 545 925 624 oMelonthone
941 513 1067 652 sacto.
1107 529 1111 540 ¹
1246 519 1754 640 e'‘¹“1‘3'tJ11l'2rfiliumDei,
1779 519 1976 642 Dominum
2000 538 2164 596 nostrum
2181 523 2236 595 le-

201 688 306 784 Vera
329 716 365 772 et
386 695 547 770 salutaris
570 691 810 791 (Reformatio
836 691 914 786 seu)
929 685 956 784 ¹)
973 669 1194 780 ¹guhematio
1246 643 1324 814 a?
1338 617 1700 796 ἓῖἳὲυῗθξὲιζῖὲᾚ
1714 619 1793 810 Ἐξ,
1805 647 1927 797 Ῥἔίᾙ
1946 627 2132 821 ᾜῙίἒῑᾞῶ
2141 628 2239 814 (Ῑῖἓέ

200 796 531 923 Εεείοεὶεειῦξπὶεῐί
545 797 732 890 praecipue
746 796 785 866 in
802 790 858 865 bis
872 787 1069 890 quinque²)
1083 815 1195 860 mem·
1249 824 1370 900 1003
1385 827 1421 898 5·
1447 819 1749 897 Fundamentum
1774 823 1886 897 aliud
1903 852 2007 898 mmo
2025 839 2146 929 pom,
2198 855 2239 902 ⁰,

202 915 276 987 bris
293 917 470 1022 consuat:
521 981 536 1020 ,1
977 993 985 1012 ,
1247 950 1346 1012 nere,
1374 938 1523 1027 praeter
1546 925 1645 1024 Μ’),
1670 925 1771 1026 quod
1785 928 1949 1028 positam
1973 941 2045 1017 est,
2071 855 2238 1032 qnofest

302 1004 493 1123 Pramum,
520 1027 560 1073 m
585 1023 668 1071 ma
690 1007 722 1070 ⁶¹
741 1023 840 1117 puro
866 991 1055 1115 d⁰⁶fs¹f¹⁶⁹
1082 1018 1198 1112 quam,
1246 1026 1355 1100 Iesus
1387 1022 1574 1105 Christus.
1641 1030 1691 1102 Et
1720 1028 1852 1123 Ephes.
1874 1036 1909 1106 Ξ.
1937 1031 2047 1104 Estis
2080 1032 2238 1104 concives

200 1092 1196 1202 DeusEcclescoesnaepotesecet,troded11,etdocen
1246 1139 1483 1216 mmmmm
1511 1142 1543 1202 d
1575 1127 1764 1204 domestici
1786 1129 1881 1220 Dei,
1913 1131 2103 1229 aedificat,
2128 1160 2240 1234 supe,

67 1287 75 1294 .
201 1211 407 1292 mandavit.
522 1308 530 1328 ι
641 1305 678 1325 Η
1240 1230 1532 1332 fundamentum
1557 1233 1819 1334 Apostolorum
1850 1237 1917 1317 †et
1966 1231 2239 1336 rophetarum'',

304 1307 491 1398 Secum,
514 1301 1174 1403 m1⁸g¹¹²m⁰“susa‘'“mmimm
1247 1335 1421 1407 existente
1443 1333 1572 1437 lapide
1594 1333 1778 1432 angulari
1799 1333 1888 1408 Iesn
1943 1333 2080 1421 bristo,
2111 1339 2241 1438 inquo

304 1415 451 1501 Tertio,
485 1413 525 1484 in
549 1418 821 1482 conservatione
842 1415 1040 1478 manastern
1063 1401 1197 1474 Evon-
1248 1446 1362 1508 ,olum
1394 1435 1602 1534 aedificium
1630 1447 1924 1533 coagmentatum
1951 1445 2093 1524 mm„
2127 1451 2166 1511 u,
2191 1441 2240 1511 εἰ*

200 1522 328 1626 gelici,
354 1529 385 1590 et
401 1513 625 1588 obedientiae
640 1535 729 1606 ergo
746 1520 914 1606 pastores
930 1505 1197 1589 Ecclesiornm,
1247 1549 1415 1612 samium
1442 1541 1617 1641 ,emplum
1642 1565 1712 1642 p„
1738 1535 1948 1628 dominum,
1975 1569 2045 1642 p„
2074 1567 2179 1644 qum,
2211 1551 2241 1612 ι,

201 1632 295 1704 sicui
315 1621 422 1696 ΒΜ
446 1617 523 1690 Μ
546 1626 577 1687 ⁶²
601 1611 768 1715 P⁰sml⁰²
792 1611 1003 1684 ⁶⁰⁰⁸⁶W⁰Ti
1029 1607 1195 1682 mima·
1249 1666 1310 1713 vos
1326 1668 1402 1712 nno
1417 1639 1606 1738 aedificati
1621 1647 1718 1724 estis,
1736 1652 1774 1713 nt
1789 1642 1873 1714 sitis
1890 1638 2242 1744 habitot'ioDeiper

203 1732 300 1806 rium
323 1720 549 1818 Evangelii,
583 1727 615 1789 el
636 1724 758 1789 servat
782 1713 858 1813 ipse
880 1741 955 1808 ¹suo
976 1713 1141 1814 potentia
1165 1719 1196 1781 el
1248 1741 1433 1844 Spiritum
1449 1756 1629 1818 summm·

201 1826 424 1936 Prummu·
509 1924 515 1942 ,
762 1918 770 1938 ,
1149 1918 1156 1933 ,
1349 1847 1406 1919 Ex
1431 1845 1486 1920 his
1509 1864 1543 1920 et
1565 1849 1741 1922 similibus
1773 1850 1895 1922 multis
1916 1851 2128 1921 testimoniis
2156 1873 2242 1920 con-

306 1929 472 2030 Qua'w’
500 1951 539 1996 ἠ
564 1929 835 1994 ⁶⁰⁶⁸⁶W⁰¹¹⁰n⁶
859 1913 1033 1990 'mmm‘
1057 1925 1089 1986 ιι
1111 1937 1197 2034 ΡΨ
1249 1951 1475 2041 gruentibus,
1500 1953 1727 2023 manifestum
1750 1967 1816 2038 est,
1848 1954 1963 2024 solum
1990 1977 2071 2022 eum
2103 1965 2241 2022 coetum

205 2033 428 2136 disdf'lina‘
447 2021 656 2100 'emunda‘
674 2048 744 2143 Pis
762 2019 903 2141 suffia
919 2017 1198 2104 EfflffiMstW‘
1250 2076 1323 2122 esse
1336 2050 1530 2123 Ecclesiam
1549 2069 1583 2124 et
1602 2055 1775 2145 populum
1791 2053 1876 2140 Dei,
1903 2054 1966 2148 qui
1982 2055 2180 2124 doctrinam
2199 2054 2243 2122 de

203 2169 266 2216 seu
286 2130 574 2211 iurisdissll'ffl‘m
591 2125 905 2198 E⁶⁶l⁶⁸¹⁰³¹²⁶⁰m·
1150 2218 1157 2237 ,
1250 2153 1326 2225 Deo
1349 2156 1515 2226 traditam
1537 2179 1601 2248 per
1624 2151 1836 2248 Prophetas,
1861 2153 2062 2242 Christum,
2087 2170 2122 2226 et
2143 2151 2243 2247 Apo-

305 2236 467 2338 Quinto,
491 2231 531 2302 in
550 2225 809 2350 conservandis
822 2223 959 2298 studiis
973 2227 1199 2295 necessariae
1251 2257 1377 2343 stolos,
1411 2259 1556 2345 docent,
1589 2258 1749 2344 discunt,
1779 2259 2057 2351 amplectuntur,
2089 2271 2123 2327 e,
2160 2280 2244 2350 pro,

205 2329 607 2420 ductrinoeetscltoles.
1198 2347 1202 2368 ¹
1251 2361 1407 2434 figemur,

307 2443 440 2526 Sexto,
466 2433 531 2508 Ad
548 2431 638 2506 haec
658 2459 751 2534 opus
771 2441 822 2503 est
841 2427 1052 2532 defensione
1073 2448 1201 2542 corpo-

207 2649 345 2758 osfict't's
362 2641 597 2762 necessariis,
622 2633 794 2712 affidas-
1254 2666 1335 2750 tiri,
1377 2679 1411 2738 et
1445 2667 1644 2739 doctrinam
1677 2666 1829 2738 retinere
1860 2667 2124 2757 incorruptam,
2157 2667 2248 2736 sicut

722 2842 729 2861 ,
754 2841 761 2859 ,
859 2831 862 2840 .
1104 2833 1111 2852 ,
1255 2783 1419 2839 aeternus
1439 2783 1540 2861 pater
1563 2771 1606 2840 de
1623 2770 1719 2839 coelo
1736 2769 1912 2853 clamans,
1939 2767 2071 2860 inquit:
2098 2763 2174 2837 Hic
2199 2775 2248 2836 est

241 2855 303 2932 D⁶
323 2851 449 2957 Prim⁰
470 2842 648 2929 mimz&
674 2843 810 2916 πώεα
829 2835 871 2911 de
891 2861 974 2910 ‘’ff‘'
993 2831 1173 2909 ‘harma’
1244 2865 1359 2962 filius
1382 2893 1481 2940 meus
1504 2865 1677 2956 dilectus,
1701 2893 1773 2968 quo
1795 2865 1965 2950 delector,
1991 2862 2089 2937 hunc
2109 2863 2249 2942 audite.

311 2991 409 3065 Deus
426 2984 587 3060 condidit
610 3002 720 3073 genus
736 2974 935 3049 humanum
956 2972 1144 3066 praecipue
1159 2970 1204 3038 ad
1254 2971 1304 3043 Et
1337 2971 1427 3042 sicut
1460 2971 1588 3042 Psalm.
1614 2974 1650 3045 2.
1684 2972 1945 3062 scriptumest.
2008 2963 2250 3040 Osculomini

209 3097 279 3172 hoc
300 3116 478 3167 summum
498 3109 605 3180 opus,
631 3085 729 3156 etad
754 3075 851 3150 hunc
874 3079 1003 3160 finem,
1028 3074 1203 3164 utipsum
1244 3069 1400 3168 filium,
1429 3070 1500 3156 †id
1527 3087 1578 3143 est
1603 3073 1886 3165 amplectimini”
1913 3096 1996 3142 vero
2015 3065 2097 3164 fide
2117 3079 2149 3141 et
2174 3069 2250 3142 loe-
2321 3141 2322 3154 ,

210 3211 393 3294 agnoscat,
417 3195 576 3275 invocet,
599 3187 693 3259 etin
716 3197 789 3254 tota
811 3180 1018 3252 aeternitate
1041 3175 1205 3247 celebret.
1257 3175 1342 3246 titio
1377 3169 1497 3246 cordis
1533 3169 1660 3245 audite
1695 3198 1793 3257 enm,
1837 3182 1869 3244 et
1903 3171 2144 3244 assentimini
2175 3173 2250 3244 ῥυ,

212 3303 335 3395 Quare
358 3312 393 3368 et
414 3308 496 3367 ante
519 3293 658 3383 lapsum
679 3283 801 3368 Adae,
827 3295 862 3352 et
881 3295 1021 3374 postea,
1047 3277 1153 3348 certis
1172 3289 1206 3344 et
1257 3275 1438 3350 doctrina,
1598 3279 1601 3283 ·

210 3401 408 3478 manifestis
431 3392 645 3468 testimoniis
669 3411 705 3458 se
731 3382 941 3456 hominibus
965 3379 1147 3473 patefecit,
1173 3389 1207 3446 et
1360 3379 1432 3470 Qui
1451 3379 1561 3469 igitur
1575 3379 1691 3449 filium
1706 3374 1775 3450 Dei
1793 3376 1908 3449 lesum
1922 3372 2104 3448 Christum
2122 3377 2252 3448 nolunt

211 3507 426 3604 peculiarem
443 3495 641 3568 doctrinam
659 3503 693 3561 et
708 3489 857 3558 verbum
873 3485 1029 3563 tradidit,
1051 3484 1095 3550 ad
1111 3479 1205 3573 quod
1259 3484 1402 3567 audire,
1427 3483 1487 3550 sed
1504 3478 1739 3570 Evangelium
1754 3493 2004 3564 contemnunt,
2030 3493 2091 3550 aut
2110 3493 2253 3570 negant,

127 3627 132 3634 '
214 3606 374 3700 alligavit
398 3625 496 3674 suam
523 3594 736 3678 Ecclesiam,
769 3589 818 3660 ita
853 3601 893 3657 ut
926 3585 982 3655 illi
1014 3596 1109 3653 certo
1137 3582 1209 3651 sint
1259 3601 1319 3658 aut
1339 3597 1602 3678 persequuntur
1616 3585 1822 3673 integrum,
1843 3595 1904 3652 aut
1924 3581 2092 3652 articulos
2111 3583 2253 3682 aliquos

215 3710 374 3785 Ecclesia
390 3718 426 3776 et
439 3701 594 3798 populus
607 3697 696 3782 Dei,
718 3693 781 3788 qui
794 3692 942 3762 verbum
959 3699 993 3758 et
1008 3685 1206 3756 doctrinam
1259 3685 1460 3778 Evangelii,
1486 3679 1525 3753 hi
1540 3709 1615 3754 non
1630 3701 1778 3778 possunt
1792 3707 1865 3754 esse
1878 3680 2037 3754 Ecclesia
2051 3698 2086 3755 et
2099 3683 2252 3775 populus

216 3814 361 3906 abipso
384 3807 550 3879 traditam
578 3804 726 3882 docent,
752 3795 910 3877 discunt,
936 3790 1209 3881 amplectuntur,
1259 3789 1339 3864 Dei,
1390 3785 1689 3857 Haecmanifesta
1705 3800 1801 3858 sum·

217 3931 253 3990 et
272 3913 495 4010 profitentur.
548 3903 621 3976 Nec
642 3901 710 3972 ulli
725 3898 785 3968 alii
809 3909 893 3966 sunt
908 3890 1066 3964 Ecclesia
1089 3903 1124 3960 et
1143 3913 1211 3980 po·
1362 3889 1525 3959 Primum
1547 3889 1656 3978 igitur
1679 3902 1713 3958 et
1734 3903 1815 3960 ante
1835 3885 1955 3958 omnia
1976 3907 2117 3957 necesse
2143 3901 2194 3957 est
2213 3884 2254 3952 in
2320 3937 2321 3986 ,

217 4021 325 4113 pulus
338 4013 426 4097 Dei,
452 4009 514 4105 qui
534 4007 683 4077 verbum
702 4001 792 4080 illud
816 4012 971 4068 autnon
996 3990 1129 4064 habent
1150 4003 1212 4060 aut
1262 3990 1418 4064 Ecclesia
1442 3989 1511 4061 Dei
1535 3991 1670 4080 integre
1697 4003 1732 4061 et
1756 4013 1846 4083 pure
1868 3989 1988 4059 doceri
2008 4002 2042 4058 et
2067 3985 2255 4080 propagari

218 4129 490 4214 persequuntur,
1100 4101 1105 4112 '
1262 4093 1514 4184 Evangelium,
1540 4094 1632 4162 sicut
1645 4089 1742 4162 Deus
1759 4115 1862 4183 saepe
1877 4091 2074 4182 praecepit,
2101 4104 2136 4160 et
2150 4086 2256 4160 Chri-

323 4218 377 4290 Ac
390 4227 471 4308 post
490 4213 628 4301 lapsum
645 4197 764 4284 Adae,
783 4197 956 4289 singulari
978 4192 1213 4288 promissione
1264 4211 1338 4268 stus
1353 4197 1427 4287 ipse
1442 4195 1530 4266 dixis
1547 4189 1673 4267 lohan.
1693 4190 1751 4268 14.
1777 4189 1922 4290 Siquis
1941 4185 2070 4288 dih'gte
2084 4211 2159 4275 me,
2183 4213 2256 4260 ser-

223 4319 322 4416 sie³)
346 4320 456 4400 edita,
480 4335 516 4382 se
531 4305 693 4402 patefecit
706 4301 819 4374 Dens:
847 4299 1007 4393 promisit
1026 4320 1062 4366 se
1086 4297 1214 4364 missu·
1265 4321 1405 4370 monem
1433 4319 1550 4365 meum
1579 4292 1756 4377 servabit,
1778 4303 1822 4364 -et
1853 4301 1965 4392 polet·
1991 4317 2092 4363 mens
2129 4287 2256 4386 diliget

222 4449 304 4499 rum
325 4399 441 4492 filium
456 4436 579 4496 suum,
604 4422 639 4478 et
653 4429 717 4497 per
739 4401 835 4475 hunc
843 4453 855 4488 ,
883 4417 915 4474 et
939 4413 1085 4493 propter
1107 4391 1215 4479 hunc,
1266 4425 1364 4485 eum,
1389 4406 1420 4467 et
1444 4391 1500 4466 ad
1516 4421 1595 4466 eum
1620 4395 1818 4478 veniemus,
1846 4405 1877 4465 el
1901 4394 2131 4466 mansionem
2156 4387 2260 4493 opud

224 4531 391 4600 daturum
409 4515 653 4589 remissionem
670 4519 911 4598 peccatorum,
935 4517 969 4574 et
984 4501 1117 4570 abolito
1134 4522 1216 4592 pec·
1268 4527 1346 4574 enm
1361 4496 1559 4598 sociemus.
2062 4575 2071 4584 ,

225 4645 321 4710 cato,
350 4637 384 4694 et
407 4618 538 4690 abolita
567 4623 701 4694 morte,
734 4607 957 4677 redditurum
985 4600 1158 4673 iustitiam
1183 4612 1218 4669 et
1370 4601 1426 4672 Sit
1448 4601 1557 4691 igitur
1580 4600 1618 4669 in
1645 4594 2122 4692 reformatione-Christiana
2148 4599 2257 4690 prima

225 4735 335 4805 vitam
369 4737 559 4796 aeternam.
618 4708 667 4782 Et
691 4705 789 4780 hunc
820 4709 933 4777 lilium
966 4729 1069 4776 suum
1102 4701 1217 4773 lesum
1268 4702 1355 4776 hacc
1375 4725 1477 4785 cura,
1501 4715 1542 4772 ut
1564 4699 1753 4792 Evangelii
1782 4703 1943 4772 doctrina
1967 4725 2056 4793 pura
2081 4715 2116 4770 et
2143 4701 2258 4770 incor-

226 4831 428 4912 Christum,
460 4820 565 4893 certis
587 4829 622 4886 et
645 4810 841 4884 manifestis
864 4807 1076 4878 testimoniis
1097 4817 1218 4899 postca
1270 4817 1375 4897 rupta
1390 4804 1430 4872 in
1446 4799 1613 4874 Ecclesiis
1629 4805 1716 4874 etin
1731 4799 1863 4875 scholis
1879 4817 2122 4897 proponatur,
2147 4825 2259 4872 serve-

1271 4921 1349 4990 tur,
1381 4920 1415 4977 et
1435 4919 1669 4997 propagetur,
1702 4904 1793 4977 sicut
1824 4919 1859 4976 et
1883 4905 2019 4998 primae
2043 4919 2077 4977 et
2108 4919 2259 4974 vetustae

233 5032 437 5056 ··-·-··
1272 5007 1410 5100 Synodi
1434 5007 1622 5100 praecipue
1650 5021 1796 5099 propter
1824 5007 2025 5078 doctrinam
2055 5019 2260 5076 convocatae

267 5159 294 5223 1)
312 5140 514 5209 Uncisiuclusa
527 5130 669 5204 adscripsit
681 5117 1128 5199 inmargioeFranciscusBurch.‚
1139 5135 1223 5190 quare
1273 5121 1373 5179 sunt:
1407 5121 1448 5179 ut
1472 5107 1640 5204 synodus
1669 5133 1759 5203 quae
1789 5109 2003 5180 describitur
2030 5103 2111 5182 Act.
2145 5102 2202 5180 15.
2230 5119 2259 5174 el

298 5243 328 5278 ea
340 5221 420 5274 etiam
434 5213 498 5266 Per.
513 5225 569 5262 non
584 5205 673 5258 habet.

246 5289 374 5379 ἱΜει.
395 5314 464 5363 sex,
488 5313 518 5347 ex
539 5282 744 5352 emendatione,
769 5278 816 5333 sed
835 5271 996 5331 Melanthon
1018 5278 1122 5326 sertum
1143 5279 1223 5340 eaput

300 5383 406 5429 tantum
422 5383 472 5439 pro
487 5353 655 5418 consectario
670 5351 772 5406 habuit.

268 5463 297 5536 d)
313 5464 351 5517 n'e
366 5452 463 5513 excidit
480 5447 550 5522 apud
565 5445 630 5499 Per.
1310 5427 1337 5495 4)
1354 5433 1471 5492 maer
1484 5427 1527 5492 m
1543 5425 1608 5482 pu·
1620 5426 1687 5480 nm·

1353 2459 1403 2532 Et
1426 2461 1581 2554 primum
1601 2487 1641 2533 ac
1667 2486 1846 2534 summurn
1867 2464 2075 2532 mandatum
2089 2457 2160 2530 Dei
2184 2475 2245 2546 est,
2322 2523 2323 2532 ,

208 2538 617 2648 '‘luds‘'wlmnbus’
643 2532 699 2607 “d
717 2559 916 2635 Pm‘mas’
942 2538 1142 2632 ‘fumum
1161 2551 1201 2596 ἠ
1252 2559 1346 2634 hanc
1367 2564 1565 2640 doctrinam
1582 2565 1746 2635 etlilium
1766 2561 1835 2634 Dei
1854 2565 1995 2649 audire,
2020 2563 2102 2635 etei
2125 2587 2246 2634 assen·
2322 2579 2323 2608 t
