4704 5804
94 249 165 331 ns
445 231 450 234 ’
667 238 1105 325 nersrocnnon
1160 240 1268 324 nm.
1304 235 1370 325 nc.
1420 241 1556 326 teos.
1603 297 1604 302 κ
2041 231 2131 336 ies

92 432 193 527 Qnid
214 427 310 500 enim
328 421 399 520 piis
420 419 560 498 dnlcins
583 435 653 510 est,
682 445 792 518 qnam
815 419 1023 492 confirmare
1042 417 1082 487 in
1136 416 1207 488 niis
1223 417 1519 508 indulgentiorem
1535 441 1618 490 esse.
1669 415 1740 492 Sed
1764 433 1881 493 tamen
1905 422 1954 497 ita
1975 441 2129 518 regetur,

91 535 273 633 agnitione
286 531 353 600 lilii
365 526 452 615 Dei,
472 541 505 600 et
518 528 652 598 discere
666 547 788 594 veram
801 519 1085 594 invocationem?
1136 521 1229 590 utin
1243 521 1359 591 officio
1375 543 1511 612 sperem
1526 521 1688 592 futurum
1704 545 1788 598 esse.
1839 523 1947 596 Hunc
1963 527 2128 600 iuvenem

91 643 204 736 Saepe
228 633 394 724 deploro,
426 619 598 720 populum
621 648 696 696 non
719 625 918 695 discernere
940 624 1085 692 invoca·
1136 616 1338 692 Antonium
1370 623 1612 692 commendavi
1637 622 1795 697 Senatui.
1855 625 2028 700 Probabis
2052 633 2129 702 eins

92 748 228 816 tionem
250 757 350 802 sisaim
373 725 583 800 abEthnica
606 743 667 799 aut
684 725 826 797 Iudaica
849 738 909 795 arnt
923 723 1085 796 Turcica.
1137 725 1346 798 orationem.
1397 722 1517 811 Quare
1537 724 1693 793 lectiam
1715 728 1947 818 atqueetiam
1970 755 2055 816 oro,
2087 746 2129 804 ut

93 845 180 916 Ideo
202 835 416 906 mentionem
436 832 511 900 eius
526 831 578 900 rei
593 830 660 898 leci
676 829 715 898 in
730 828 852 897 libello
868 824 1084 898 Coloniensi.
1138 827 1214 895 eius
1244 847 1383 896 causam
1411 821 1455 896 D.
1479 817 1667 919 Iacobffi)
1700 830 1941 910 commendes,
1983 845 2024 902 nt
2052 834 2128 926 ipse

90 943 141 1017 Et
162 947 202 1014 in
225 936 293 1011 hoc
316 935 392 1026 ipso
406 925 569 1002 liutheri
587 931 719 1022 scripto
741 929 940 1000 illustratur
959 927 1086 996 discri-
1138 941 1280 1021 quoque
1293 951 1357 1018 pro
1373 948 1413 996 eo
1429 927 1523 1017 apud
1539 940 1700 996 senatum
1714 941 1748 998 et
1770 929 1901 998 amicos
1923 931 2128 1010 intercedat.
2169 982 2171 991 ,

91 1071 188 1121 men.
236 1039 292 1110 De
313 1031 372 1104 his
395 1034 502 1104 rebrss
524 1029 649 1126 dnm')
672 1031 766 1100 inter
785 1050 852 1100 nos
871 1041 1086 1098 commenta·
1137 1025 1235 1097 Bene
1247 1029 1326 1098 vale
1340 1039 1374 1098 et
1386 1027 1548 1099 rescribe.
1574 1021 1714 1096 Amabo
1728 1041 1762 1098 te
1777 1029 1879 1100 eliam
1895 1045 1999 1126 atque
2012 1035 2129 1122 ctiam,

90 1151 233 1230 bimur,
263 1150 422 1232 proteget
434 1131 532 1206 Deos
544 1129 719 1204 Ecclesiae
733 1143 768 1201 et
782 1129 924 1222 politias
939 1143 1087 1214 nostras,
1138 1129 1307 1221 suscipias
1340 1151 1479 1199 causam
1511 1123 1620 1198 buius
1650 1121 1823 1216 Antonii,
1867 1144 1903 1204 et
1939 1157 2006 1205 nos
2039 1159 2130 1210 amas

90 1273 182 1346 quas
207 1245 284 1318 Deo
315 1236 466 1308 assiduis
497 1225 591 1306 votis
624 1233 922 1328 commendemus.
985 1225 1086 1301 Nihil
1138 1229 1273 1324 lterum
1288 1230 1377 1304 vale.
1402 1229 1460 1299 die
1474 1221 1676 1320 Augustini.
1859 1234 1860 1238 ’

90 1353 191 1422 enim
213 1349 318 1417 video
339 1334 579 1408 humanorum
601 1333 870 1428 praesidiorum.
919 1323 1088 1401 Loooaii
1651 1356 1841 1458 Philippus
1855 1309 2091 1444 Melpum&

89 1473 215 1524 recens
235 1451 308 1518 dno
329 1439 470 1519 bonati
490 1439 559 1510 viri
579 1449 724 1529 propter
741 1430 928 1524 Evangelii
948 1434 1086 1503 confes-

90 1555 231 1628 sionem
252 1547 367 1618 necati
388 1552 489 1625 snnt3
532 1553 567 1612 et
594 1539 686 1608 duae
715 1532 882 1606 honestae
903 1549 1085 1605 matronae
1152 1555 2128 1594 -----ι-----,--.-.-..

89 1658 197 1726 vivae
209 1652 384 1726 defossae,
408 1664 560 1736 quarum
574 1639 688 1710 virtus
702 1637 741 1706 in
754 1650 827 1708 tota
841 1632 1087 1732 urbc⁴)prae·.·
1644 1701 1683 1714 ,,
1801 1707 1805 1712 ,
1906 1677 1908 1684 ›

89 1759 245 1828 dicatur.
305 1749 474 1822 Sinamns
494 1741 603 1832 igitur
624 1741 743 1812 furere
764 1735 972 1832 Tyrannos,
1008 1749 1085 1807 eta
1135 1700 1335 1831 Q·
1587 1839 1590 1844 Ι
1801 1775 1805 1782 ι
1924 1714 1999 1796 (98·
2016 1713 2117 1802 Aug.)

88 1857 170 1930 Deo
198 1867 360 1947 petamus
383 1843 556 1914 auxilium
583 1855 618 1912 et
640 1839 891 1912 defensionem.
950 1834 1086 1908 Adole·
1407 1883 1445 1972 S
1586 1894 1594 1914 ‚
1619 1887 1663 1974 B
1785 1843 1799 1880 ·'
1837 1895 1846 1918 .

90 1979 195 2032 scens
203 1951 454 2046 Hieronymus
467 1941 599 2014 dicitnr
611 1941 839 2011 mediocriter
850 1941 965 2013 facere
981 1961 1084 2010 suum
1133 2013 1141 2020 ,
1444 1899 1592 2024 mmm
1662 1913 1858 1978 mmmm·

89 2059 262 2136 officium.
304 2052 370 2124 Bis
385 2051 480 2120 enim
494 2043 710 2134 interrogavi
724 2042 799 2112 eins
815 2053 1086 2138 praeceptorem,
1173 2133 1177 2141 ⁸
1205 2068 1226 2138 †
1244 2065 1284 2123 Ex
1295 2083 1389 2140 apogr.
1402 2065 1432 2124 in
1445 2067 1507 2125 cod.
1521 2067 1606 2125 Goth.
1619 2069 1679 2126 189.
1691 2088 1739 2126 no.
1750 2066 1794 2128 45.
1804 2079 1871 2130 sect.
1883 2071 1966 2132 stite.

89 2164 212 2232 virum
229 2179 391 2249 gravem,
417 2145 626 2225 mancam,
652 2145 715 2237 qui
729 2165 809 2212 eum
823 2164 943 2232 regere
959 2143 1087 2226 studet,
1596 2226 1604 2245 ·
1806 2227 1815 2247 ·
2001 2159 2002 2164 ’

90 2289 169 2334 non
185 2261 261 2330 sine
278 2259 411 2328 labore.
460 2247 535 2320 Ero
558 2260 593 2318 et
612 2246 687 2338 ipse
706 2263 780 2314 non
796 2245 911 2314 solum
926 2239 1087 2314 hortator
1443 2221 1601 2298 Smalm
1619 2221 1823 2305 Bremenst·

90 2366 154 2436 sed
169 2358 514 2443 etiamobiurgator,
545 2371 625 2420 cnm
648 2368 737 2436 opus
760 2344 838 2420 erit.
887 2341 964 2414 Hac
983 2357 1086 2414 nocte
1137 2331 1182 2422 S.
1206 2345 1257 2427 1).
1302 2351 1484 2446 Principio
1508 2367 1609 2448 peto,
1642 2370 1683 2427 nt
1704 2353 1795 2427 mihi
1819 2358 2023 2449 ignoscatis,
2056 2363 2129 2434 ela.

91 2464 251 2538 calculus
266 2458 432 2530 atrociter
447 2451 579 2522 invasit
592 2441 816 2519 Latonam:
844 2467 953 2538 qcrare
969 2445 1087 2515 orabis
1138 2453 1268 2524 rissimi
1285 2455 1376 2540 viri,
1408 2457 1504 2550 quod
1527 2457 1644 2528 studia
1659 2461 1890 2530 adolescentis
1904 2461 1943 2530 in
1960 2465 2049 2533 urbe
2066 2489 2128 2535 ve-

88 2566 229 2649 Denm,
258 2575 300 2631 nt
314 2579 418 2629 sunm
432 2554 638 2624 ministrnm
650 2561 763 2618 servet
778 2561 814 2617 et
828 2541 1003 2618 cruciatus
1019 2547 1088 2616 rni-
1139 2570 1211 2626 stra
1236 2556 1313 2626 nati
1340 2557 1444 2626 vobis
1471 2561 1719 2630 commendare
1745 2583 1851 2632 ausus
1875 2585 1965 2637 sum.
2022 2565 2128 2638 Scitis

92 2669 192 2759 liget.
242 2661 342 2733 Bene
357 2659 446 2731 vale.
496 2651 565 2726 Die
580 2647 809 2742 Augustissl.
1139 2655 1234 2726 enim
1256 2679 1322 2749 pro
1344 2671 1460 2727 vestra
1483 2661 1690 2749 prudentia,
1715 2662 1977 2755 praeceptorem
2000 2668 2128 2738 debere

1140 2758 1257 2828 studia
1284 2759 1552 2850 disciplinarum
1579 2763 1678 2832 omni
1700 2765 1898 2834 ciliciorum
1919 2758 2047 2854 genere
2070 2769 2128 2840 in-

103 2865 1085 2907 W
1140 2881 1241 2944 vare,
1274 2879 1314 2928 ac
1335 2855 1545 2950 provehere,
1577 2863 1686 2955 idque
1709 2859 1777 2934 hoc
1799 2880 1957 2956 tempore
1978 2871 2130 2941 maxime

1139 2961 1254 3030 iacere
1278 2961 1424 3044 debere,
1457 2984 1556 3046 cnm,
1589 2965 1742 3056 quodam
1768 2967 1861 3035 tristi
1883 2968 1974 3053 fato,
2006 2969 2129 3042 literae

910 3025 1083 3138 ω
1140 3061 1251 3152 magis
1265 3085 1370 3154 quam
1384 3061 1457 3132 nlla
1472 3087 1631 3156 unquam
1646 3079 1759 3137 aetate
1773 3067 2007 3157 negligantur.
2055 3069 2135 3142 Des

381 3205 429 3294 N
464 3201 507 3290 Β
540 3155 542 3160 ’
614 3198 644 3286 d
716 3201 791 3284 ml·
1141 3177 1194 3234 cet
1223 3175 1340 3234 autem
1372 3185 1435 3232 vos
1452 3187 1627 3258 ¹quoqne,
1665 3167 1728 3261 qui
1755 3169 1971 3260 respublicas
1993 3175 2130 3260 tenetis,

427 3269 437 3292 '
509 3229 610 3316 ‘isco
645 3227 721 3284 'we
793 3258 804 3282 ⁹
1141 3258 1305 3334 honestas
1320 3263 1524 3354 disciplinas
1538 3289 1676 3336 summa
1688 3291 1755 3359 ope
1768 3293 1987 3346 conservare.
2036 3272 2130 3344 Cum

160 3393 242 3452 Ettn
255 3393 284 3449 tn
297 3391 328 3449 s,
340 3389 375 3445 Α.
387 3385 525 3442 Galbam
537 3381 616 3456 epia.
630 3381 730 3437 chron
745 3375 829 3433 aleae.
844 3394 872 3450 p.
886 3373 931 3433 st.
1035 3391 1039 3396 ·
1140 3365 1248 3456 igitur
1262 3377 1428 3456 petoreta
1448 3389 1507 3434 me
1525 3369 1865 3440 commendationem
1887 3373 1932 3442 ad
1955 3395 2018 3443 vos
2042 3377 2129 3446 ado-

715 3515 719 3522 .
754 3499 759 3508 ·
1064 3529 1073 3550 ,
1140 3467 1273 3536 lescens
1288 3459 1583 3552 AntoniusBio,
1614 3471 1707 3550 filins
1729 3471 1816 3542 civis
1831 3470 2031 3546 Bremensis
2053 3501 2129 3548 non

96 3555 196 3636 Viro
228 3549 365 3650 ‘'Pi‘'”w
397 3539 452 3618 D·
477 3527 1088 3658 N5⁶f³²f¹⁰B¹¹⁸⁶⁰d¹¹⁶⁶¹¹⁸⁸²
1139 3569 1438 3654 voluieidecsse,
1469 3593 1509 3639 ac
1528 3595 1593 3640 vos
1617 3573 1720 3642 valde
1740 3597 1825 3660 oro,
1859 3587 1900 3645 ut
1922 3579 2132 3671 enmrespi-

255 3649 376 3722 “mm
390 3667 459 3718 ⁵1¹⁰
475 3662 714 3724 ⁸¹‘⁰‘’¹⁸⁸¹¹¹²⁰’
739 3633 927 3708 Rumam·
1060 3751 1067 3764 ,
1140 3669 1240 3739 ciatis
1256 3690 1295 3740 ac
1310 3671 1450 3744 iuvetis.
1499 3667 1759 3767 Constituistis,
1789 3678 2001 3768 ntaccipio,
2023 3675 2127 3752 scho-

91 3773 205 3866 SD.
254 3781 345 3854 Cum
364 3773 424 3846 bic
443 3769 581 3842 iuvenis
595 3779 729 3861 peteret
744 3763 1086 3836 commendationem
1139 3771 1278 3841 lasticos
1297 3771 1439 3864 aliquos
1463 3773 1508 3842 de
1531 3775 1676 3864 publico
1699 3777 1809 3860 alere,
1841 3802 1907 3870 qua
1928 3780 1967 3846 in
1988 3803 2027 3848 re
2048 3783 2127 3852 olli-

92 3845 139 3968 ad
162 3906 198 3962 te
222 3911 243 3958 a
264 3880 388 3963 nobis,
427 3893 642 3965 magnopere
665 3863 756 3938 mibi
786 3865 980 3956 gratulatos
1008 3887 1086 3934 snm
1139 3871 1231 3940 cium
1254 3885 1289 3942 et
1310 3873 1415 3944 bonis
1435 3873 1696 3962 magistratibus
1717 3878 1865 3966 dignum
1888 3893 1922 3948 et
1947 3875 2024 3949 Deo
2047 3905 2127 3972 gra.

90 3991 269 4067 nuncium
292 3975 384 4054 mibi
403 3979 538 4048 certurn'
560 3975 605 4041 ad
625 3985 661 4042 te
681 3969 838 4040 oblatum
856 3989 941 4040 esse.
992 3961 1086 4035 Amo
1138 3986 1214 4041 tom
1235 3972 1360 4042 facitis.
1417 3971 1508 4042 Nam
1530 3974 1669 4060 literae,
1703 4001 1783 4046 cum
1805 3977 1947 4070 quidem
1968 4003 2126 4055 neccssa-

91 4097 192 4170 enim
207 4085 389 4178 ingenium
404 4091 506 4150 terum
520 4062 563 4146 ex
576 4071 715 4155 animo,
730 4081 840 4161 atquc
853 4068 1086 4172 utinamsttnj
1137 4075 1230 4154 riae,
1258 4087 1344 4145 sunt
1365 4073 1470 4142 rebns
1491 4074 1662 4164 publicis,
1693 4099 1768 4146 non
1784 4077 1937 4170 ¹possunt
1958 4081 2035 4152 sine
2058 4111 2124 4178 ope

90 4201 279 4268 „patema
295 4182 530 4272 scniposscm·
581 4171 775 4264 Nunquam
796 4193 817 4238 a
838 4181 874 4238 le
890 4169 1012 4238 divelli
1027 4189 1087 4237 me
1136 4173 1410 4265 Magistratnum
1442 4177 1653 4250 conservari.
1711 4176 1825 4248 Porro
1857 4175 1919 4265 bic
1939 4177 2122 4260 Antonias

91 4303 260 4374 sinerem.
318 4269 866 4373 '1'n,qnonianibabes0cinn
887 4269 995 4337 velim
1017 4269 1085 4338 ali·
1137 4277 1279 4366 ingenio
1295 4278 1468 4360 valet,·et
1484 4278 1523 4344 in
1539 4277 1652 4347 literis
1666 4279 1757 4349 bene
1773 4281 1926 4372 proficit,
1956 4299 1990 4354 et
2007 4313 2122 4360 mores

144 4397 239 4471 ando
260 4389 304 4460 ad
328 4405 394 4453 nos
416 4381 546 4450 iterum
571 4368 757 4465 expetiere.
806 4368 897 4440 Nam
921 4364 980 4438 bic
1003 4371 1085 4465 qni·
1135 4373 1241 4448 habet
1270 4379 1391 4448 aetatis
1417 4381 1639 4458 commodos,
1679 4394 1714 4451 et
1742 4405 1837 4473 spem
1868 4385 1912 4451 de
1933 4407 1969 4453 se
1990 4389 2120 4462 bonam

90 4427 177 4576 {blm
197 4502 357 4582 sumptus
376 4481 496 4552 nullos
518 4478 682 4548 lacerate
699 4469 824 4564 patiar.
873 4467 1085 4542 Etlortasse
1134 4481 1289 4570 praebet.
1343 4477 1450 4566 Quod
1470 4477 1501 4546 si
1521 4479 1596 4548 eins
1618 4479 1801 4572 ingenium
1824 4483 2035 4560 liberalitate
2052 4516 2120 4581 pu-

91 4602 287 4677 auduus,
319 4586 414 4681 qnod
431 4601 569 4672 ageres,
599 4574 762 4645 invenire
783 4593 920 4663 posses,
946 4595 1016 4665 qna
1038 4573 1083 4644 de
1135 4581 1226 4650 blica
1241 4579 1418 4662 foveritis,
1443 4579 1549 4666 olim,
1573 4577 1648 4652 Deo
1663 4584 1825 4668 volente,
1858 4587 1940 4656 nsui
1960 4614 2032 4660 esse
2049 4594 2120 4662 rei·

88 4631 137 4778 ιε
156 4695 309 4792 optarim
333 4710 390 4756 me
413 4696 528 4752 tecum
549 4675 626 4762 bic,
666 4698 746 4745 cnm
769 4675 928 4754 adesses,
959 4675 1082 4765 dispss·
1132 4679 1294 4774 publicae
1310 4679 1451 4771 poterit.
1502 4679 1626 4773 ltaque
1647 4705 1752 4772 rogo,
1786 4686 1880 4754 otei
1902 4692 2119 4780 confugienti

91 4825 197 4880 gaesa,
246 4775 599 4878 oeFrisio*)nihit
616 4780 687 4858 est.
719 4775 813 4868 quod
834 4773 974 4844 solliciti
995 4774 1083 4848 Silis·
1134 4786 1273 4867 advos,
1303 4795 1471 4874 tanquam
1494 4784 1539 4852 ad
1561 4797 1726 4873 patronos
1749 4785 1930 4856 literarum
1953 4787 2119 4864 honesta-

92 4899 245 4996 lngenio
272 4905 325 4963 est
345 4887 430 4971 tali,
470 4897 512 4953 nt
532 4881 623 4950 benc
645 4877 858 4970 sperandum
881 4875 987 4944 nobis
1009 4899 1082 4946 esse
1133 4907 1232 4968 rum,
1256 4907 1360 4975 opem
1374 4883 1511 4968 seratis,
1537 4895 1571 4953 et
1587 4885 1802 4975 stipendium
1819 4889 1963 4982 aliquod
1981 4895 2014 4962 ei
2032 4919 2117 4963 con.

92 5021 256 5082 statuam.
305 4989 354 5064 Et
368 5009 431 5078 ego
446 4979 540 5056 nihil
555 4978 758 5064 dissimulo,
781 4999 839 5046 me
857 4976 964 5046 bonis
983 4978 1082 5070 ingo-
1132 4985 1306 5069 stituatis,
1335 4983 1431 5054 utin
1457 4985 1567 5054 literis
1591 5009 1813 5076 perseverare
1833 4991 1952 5080 possit.
2002 4993 2117 5084 Scitis,

96 5165 324 5197 ...----
1132 5083 1197 5156 has
1220 5085 1458 5180 eleemosynas
1480 5081 1557 5156 Deo
1580 5087 1738 5179 placere,
1778 5104 1813 5161 ct
1842 5113 1963 5182 spero,
2000 5093 2116 5185 ipsum

125 5265 155 5323 5)
173 5259 255 5327 Sn'eg.
270 5265 341 5304 eum.

125 5351 154 5416 4)
170 5343 254 5409 δοες.
267 5341 325 5388 toto
340 5327 418 5382 orde.

126 5433 157 5501 a)
175 5427 264 5494 Helo,
278 5415 382 5472 Frisios
395 5405 552 5464 nonullos.
588 5395 884 5486 videndam·
1050 5429 1063 5438 -ι
1166 5395 1486 5544 *llccoboplpopestse
