4754 5806
199 259 260 320 ιιι
708 231 981 314 ansanus
1013 227 1200 316 vrran
1232 231 1365 352 nnn.
1420 237 1553 318 1644.
1606 242 1738 322 ross.

221 345 296 510 01ch
340 414 481 504 Lipsiam
493 419 689 502 proficiscitur
705 439 775 481 oum
791 416 877 486 Hier.
893 413 1045 480 Soborffio
1060 415 1099 476 ad
1111 417 1232 498 nuptias
1246 413 1342 482 Ulrici
1359 415 1530 486 Μοιᾱὴῑῃῑ,
1571 437 1574 444 ·

235 559 298 628 24.
341 553 508 620 Academia
520 553 664 616 nonnihil
675 555 811 616 turbatur
824 553 1003 634 contagione
1018 552 1215 634 pestilentiae.

215 693 299 762 Nor.

236 805 295 870 10,
341 783 487 848 Hortatur
500 779 545 846 V.
561 779 760 844 Theodorum
773 793 809 844 ut
822 777 954 844 Lutheri
969 783 1218 844 commentarium
1235 783 1268 842 in
1283 776 1414 846 Genesin
1427 807 1548 869 prorsus
1562 799 1707 869 pertexat.

152 915 154 929 '
235 938 293 1004 11,
340 913 442 983 lustru
456 911 546 981 Ionas
559 913 740 999 Witeberga
754 938 875 1000 prorsus
891 916 1016 979 discedit
1030 916 1068 978 ad
1082 918 1237 978 ecclesiam
1249 915 1421 982 Halensem.

232 1075 291 1138 19.
340 1051 423 1138 Papa
435 1053 543 1116 indicit
558 1055 721 1115 concilium
739 1050 879 1116 Tridenti
894 1050 1065 1113 habendum
1080 1050 1118 1113 ad
1134 1050 1163 1111 d.
1184 1052 1242 1120 15.
1255 1048 1345 1116 Mart,
1369 1054 1475 1124 1545.

230 1211 293 1274 22,
340 1186 414 1252 Mel.
430 1199 545 1250 enarrat
561 1189 647 1271 epist.
665 1184 755 1250 Pauli
769 1187 806 1248 ad
818 1182 986 1249 Romanos.
1104 1261 1111 1276 .

232 1346 288 1408 23,
339 1321 463 1386 Mandat
475 1319 618 1403 Princeps
634 1317 775 1396 Elector,
801 1334 836 1383 ut
852 1319 1006 1402 Theologi
1019 1317 1264 1402 Witebergenses
1281 1325 1517 1404 complectantur
1532 1323 1698 1386 doctrinam
1711 1319 1869 1408 Evangelii
1888 1331 2000 1412 scripto
2023 1329 2108 1416 qnod
2127 1327 2248 1396 Caesari

245 1447 250 1466 ⁴
389 1431 424 1487 in
439 1426 570 1487 comitiis
583 1421 860 1489 Wormatiensibus
873 1425 950 1486 tradi
966 1426 1071 1508 possit.
1130 1420 1258 1506 Scripsit
1271 1428 1373 1510 itaque
1390 1422 1569 1490 Melanthea
1589 1467 1610 1501 „
1618 1423 1862 1510 reformationem
1880 1423 2178 1514 Wr‘tcbrrgarnem'’,
2210 1449 2247 1500 ut

389 1541 525 1592 vocatur.

229 1683 288 1748 25.
338 1661 493 1728 Praefatur
509 1665 543 1724 in
558 1661 722 1724 editionem
735 1655 839 1722 LXX
851 1654 1052 1744 Interpretum
1066 1657 1278 1724 Basilaensem.

201 1812 295 1986 υῗὲ.
340 1891 494 1959 Iudicium
508 1893 610 1955 scribit
626 1891 663 1953 de
677 1891 793 1974 synodo
809 1911 827 1950 a
840 1887 922 1972 Papa
935 1889 1058 1952 indicta.

229 2024 286 2086 19·
340 2025 520 2111 Philippum
533 2021 760 2107 Landgrarium
772 2037 877 2106 rogat,
904 2036 939 2086 ut
954 2021 1116 2087 intercedat
1130 2045 1186 2106 pro
1200 2020 1438 2104 Baumgartnero
1455 2020 1595 2086 Senatori
1610 2021 1770 2107 Norimb.,
1796 2042 1883 2112 capto
1897 2043 1927 2091 et
1939 2035 1972 2091 in
1987 2052 2102 2094 carcere
2117 2047 2248 2099 retento.

232 2159 291 2222 22·
339 2157 456 2223 iudicat
472 2161 510 2222 de
526 2164 624 2224 usuris
640 2173 670 2222 et
684 2160 721 2223 de
735 2163 934 2221 mutuatione.

228 2286 287 2356 24·
338 2295 444 2360 Pastor
458 2299 600 2358 ecclesiae
618 2291 765 2358 Cibiensls
777 2297 812 2355 in
826 2292 981 2375 Hongaria
995 2293 1126 2354 consulit
1139 2288 1316 2372 Theologos
1331 2288 1576 2376 Witebergenses
1593 2294 1631 2355 de
1645 2263 1782 2359 docmina
1795 2298 1832 2359 de
1848 2317 1941 2361 ocena
1955 2321 2045 2364 saara.

219 2442 222 2450 '
338 2427 444 2494 Edidit
457 2429 517 2493 hoo
532 2451 610 2492 anno
626 2431 835 2492 annotationes
850 2431 883 2489 in
898 2425 1081 2509 Evangelia,
1109 2421 1241 2507 Georgio
1254 2423 1330 2488 Helt
1342 2426 1460 2490 dicatas.

338 2565 493 2632 Praefatur
507 2568 540 2627 in
553 2561 711 2648 Robigalli
724 2562 972 2648 Hodoeporicon.

1130 2994 1286 3072 ANNO
1325 2994 1458 3076 1545.

225 3121 290 3186 Ian.

255 3235 289 3294 1.
342 3234 496 3302 Praefatur
511 3238 544 3296 in
558 3231 695 3297 Terentii
710 3235 881 3298 comoedias
895 3256 913 3297 a
927 3231 1098 3299 Camerario
1114 3236 1242 3298 edendas
1255 3236 1292 3298 de
1305 3235 1440 3318 legendis
1456 3235 1616 3318 tragoediis
1630 3247 1661 3298 et
1676 3233 1852 3298 comoediis.

255 3360 289 3426 4·
343 3371 485 3456 Princeps
499 3367 621 3432 Elector
635 3372 729 3431 mittit
742 3370 781 3432 ad
795 3369 1041 3452 Witehergenses
1053 3367 1165 3432 Bucari
1181 3375 1325 3453 scriptum
1338 3371 1375 3432 de
1391 3369 1604 3432 reformatione
1618 3373 1767 3432 Medae.

258 3497 291 3563 5·
343 3505 417 3570 Fara
432 3507 462 3568 d.
478 3507 628 3574 6-10.
644 3499 711 3566 Ian.
726 3501 913 3569 Camerarius
925 3518 969 3568 sat
982 3503 1180 3588 Witabergae
1197 3506 1279 3588 apud
1299 3502 1535 3582 Melanthonem.

236 3629 294 3702 14·
344 3639 533 3706 Reformatio
554 3635 816 3721 Witabsrgensis,
848 3652 884 3702 ut
904 3651 1046 3718 vocatur,
1077 3637 1305 3702 aMelanthona
1327 3643 1438 3722 scripta
1458 3642 1589 3702 mittitur
1607 3640 1646 3703 ad
1667 3599 1839 3726 Principem
1851 3631 1968 3714 Eleon,
1998 3645 2028 3695 et
2051 3640 2143 3702 simul
2165 3641 2251 3703 iudi·

146 3741 152 3748 ’
396 3748 496 3824 cium,
528 3741 724 3806 anPontifex
739 3741 831 3806 Rom.
847 3742 928 3827 apud
940 3741 1097 3805 Caesarem
1111 3742 1294 3805 accusandus
1311 3745 1362 3804 sit.

235 3878 290 3939 16.
344 3875 486 3959 Princeps
498 3871 620 3939 Elector
634 3879 748 3941 indicat
763 3879 800 3940 de
814 3875 1043 3941 Reformations
1060 3875 1297 3959 Witabergensi.

343 4009 517 4094 Spoletinus
530 4014 676 4078 moritur.

239 4151 297 4213 18.
343 4143 483 4208 Vocatur
496 4141 675 4207 Melanthon
692 4141 812 4205 aDuce
827 4141 1056 4224 Wiirtemberg.

344 4278 469 4343 Enarrat
482 4275 632 4341 Electram
648 4275 821 4361 Sophoclis.

234 4420 295 4482 20.
346 4415 500 4479 Pontanus
517 4413 762 4476 reformationem
775 4407 952 4492 Witeberg.
967 4409 1102 4472 defendit
1115 4409 1254 4474 adversus
1269 4406 1417 4472 Electoris
1429 4429 1596 4474 censuram.

239 4549 297 4616 26.
346 4549 472 4614 Enarrat
483 4553 517 4612 in
532 4547 635 4612 schola
648 4567 767 4609 carmen
781 4539 888 4609 loacb.
904 4541 1110 4612 Cemmerarii.

213 4783 301 4848 Febr.
348 4777 476 4845 Ineunte
488 4775 578 4841 Febr.
593 4773 744 4858 prodeunt
759 4775 959 4834 enarrationes
973 4777 1090 4858 aliquot
1105 4744 1254 4836 librorum
1271 4769 1470 4850 Ethicorum,
1496 4791 1570 4856 quas
1583 4771 1661 4834 dicat
1676 4767 1815 4832 Amoldo
1831 4767 1975 4833 Burenio.

267 4925 302 4987 7.
351 4915 482 4982 Censura
496 4908 681 4992 Landgravii
695 4921 725 4970 et
739 4909 804 4969 eius
817 4903 1049 4989 Theologomm
1061 4908 1099 4970 da
1113 4905 1342 4973 Reformatione
1355 4902 1527 4986 Witeberg.

240 5057 297 5122 17.
350 5049 440 5116 Iussu
452 5045 602 5129 Principis
618 5043 866 5105 deliberationem
878 5041 915 5103 de
928 5045 1144 5107 instauratione
1160 5039 1363 5106 Ecclesiarum
1380 5043 1469 5104 vertit
1484 5042 1517 5102 in
1534 5041 1668 5122 linguam
1681 5043 1815 5102 latinam.
1842 5071 1894 5085 —
1927 5035 2022 5100 Mittit
2034 5039 2201 5098 arctiorem
2217 5038 2257 5099 de

402 5151 529 5215 Basilio.

215 5289 307 5355 Mart.
351 5287 478 5353 Ineunte
492 5239 604 5356 Martio
622 5277 776 5361 Theologi
789 5277 912 5348 Witeb.
925 5281 1107 5363 respondent
1121 5281 1160 5342 ad
1173 5303 1327 5344 censuram
1341 5275 1536 5360 Landgravii.

270 5425 304 5493 5·
352 5423 506 5491 Praefatur
523 5423 556 5485 in
574 5417 666 5483 Tam.
681 5411 708 5480 I.
731 5437 857 5500 operum
869 5417 990 5482 latinos.
1005 5411 1146 5478 Lutheri.
