4704 5804
311 400 526 500 Dionysius
549 404 778 476 concionator
809 403 911 476 aulae
942 399 1129 474 Hessiacae
1161 399 1207 474 de

213 508 439 590 Samaritano
467 507 599 601 dicitur
626 503 762 596 egregie
785 505 1034 590 concionatus,
1074 503 1207 574 descri-

213 613 302 690 bens
324 611 560 702 neglectioncs
576 607 753 682 Ecclesiae
774 609 949 682 sauciatae
968 620 1002 676 et
1025 605 1206 684 laceratae,

212 737 254 787 ac
270 737 343 788 una
358 734 438 785 cum
453 712 585 785 nostris
600 711 779 786 auditores
794 711 941 788 luerunt
948 699 1127 786 Motaleia
1135 701 1208 782 ΑΙ-

219 812 368 897 be'rth,
387 826 421 883 et
435 811 517 888 Dux
534 809 772 888 Iuliocensic.

314 908 541 994 Franciscus
562 911 642 988 heri
663 937 806 1009 quoque
827 912 988 1004 scripsit,
1014 933 1112 1002 spem
1133 931 1206 980 esse

214 1019 309 1111 pacis
333 1016 511 1103 Danicae,
546 1020 607 1088 sed
632 1043 689 1086 me
717 1028 853 1088 terrent
878 1013 1061 1108 prodigia,
1099 1011 1206 1084 audio
1254 1037 1372 1136 8⁸1).
1422 1057 1478 1135 Ex
1500 1064 1710 1138 mistum

156 1137 163 1154 ·
214 1122 371 1214 pluvisse
385 1121 592 1210 sanguinem
610 1119 649 1188 in
664 1117 837 1190 Holsatia.

779 1280 969 1376 Philippus
982 1274 1159 1353 Melanth.

583 1949 621 2036 I.
649 1945 841 2033 Brentio.

287 2134 306 2197 †
327 2128 362 2182 Ex
377 2144 470 2197 apogr.
493 2125 522 2178 in
536 2124 599 2180 cod.
611 2122 698 2178 Paris.
714 2124 751 2178 D.
767 2123 800 2176 L.
813 2119 878 2174 ⁵4³.

218 2283 444 2362 Clarissimo
475 2281 570 2368 viro,
604 2275 860 2352 eruditiones!
884 2273 1081 2375 θεοσεβείᾳ
1100 2298 1209 2373 prae-

300 2385 421 2462 stanti
440 2379 904 2464 nloanniBrenrto,
931 2381 1134 2452 amicosne

217 2523 264 2615 S.
286 2541 330 2615 D.
381 2536 597 2612 Charissime
614 2535 776 2612 loannes.
818 2533 922 2607 Bono
940 2535 1057 2608 studio
1072 2547 1108 2606 et
1122 2557 1209 2604 cou-

218 2647 299 2716 silio
316 2643 452 2714 civitati
466 2636 718 2734 Norlingensi
727 2651 902 2730 pastorem
916 2634 1094 2708 Ecclesiae
1107 2637 1208 2705 misi-

217 2740 343 2842 mus*)
357 2769 431 2815 non
445 2745 610 2814 iuvenem
623 2744 684 2813 sed
701 2739 819 2812 virum
834 2741 905 2810 iam
921 2753 1008 2810 natu
1027 2739 1208 2832 grandem,

219 2850 283 2944 qui
306 2863 340 2919 te
365 2859 400 2918 et
423 2870 479 2916 mc
493 2845 622 2931 anteit,
647 2857 682 2914 et
698 2844 828 2915 multas
841 2839 1016 2913 Ecclesiae
1029 2841 1140 2928 rexit,
1174 2854 1209 2912 et

220 2951 420 3023 eruditione
443 2947 621 3040 praeclare
646 2945 829 3026 institutus
858 2959 927 3031 cst;
960 2947 1022 3015 sed
1051 2943 1208 3014 fortassis

218 3054 325 3148 paulo
341 3065 393 3122 est
408 3049 625 3120 iracundior.
665 3045 772 3118 Hunc
788 3059 823 3117 te
839 3047 1025 3139 complecti
1041 3060 1075 3116 et
1089 3069 1209 3135 regere

217 3155 337 3228 velim.
388 3151 461 3224 Nec
476 3151 571 3222 dicas
585 3145 692 3234 mihi,
709 3149 806 3220 nolle
820 3162 854 3218 te
867 3149 907 3217 in
922 3149 1036 3218 aliena
1050 3147 1209 3240 republi-

219 3283 259 3328 ca
275 3255 615 3351 πολυπραγμονεῖν.
665 3249 745 3321 Etsi
762 3265 813 3321 est
828 3251 908 3319 eius
920 3251 972 3320 cci
991 3251 1130 3335 modus,
1155 3263 1209 3320 ta-

219 3383 303 3428 men
323 3358 482 3449 profecto
505 3377 607 3446 saepe
622 3376 688 3422 nos
704 3353 819 3421 aliena
836 3343 1019 3446 inquirere
1035 3363 1070 3421 et
1085 3373 1208 3420 curare
1316 3404 1325 3420 .

220 3471 375 3552 oportet,
402 3457 466 3528 ctsi
481 3451 575 3524 nihil
590 3467 642 3526 est
659 3479 678 3524 a
692 3454 761 3548 piis
774 3453 940 3537 alienum,
966 3454 1062 3546 quod
1077 3453 1122 3520 ad
1138 3447 1208 3522 Ec·
1276 3507 1284 3521 .

219 3563 345 3634 clesiae
359 3558 585 3630 concordiam
607 3557 695 3628 utile
710 3547 840 3651 est”).
894 3553 965 3624 llle·
974 3575 1135 3624 morosus
1153 3575 1208 3622 se-

219 3689 287 3734 nex
301 3687 363 3734 seu
377 3661 489 3732 tristis
505 3659 625 3751 potius
640 3660 734 3751 apud
745 3655 956 3730 Terentium
968 3657 1129 3739 miratur,
1146 3678 1209 3724 cur

218 3767 357 3835 vicinus
380 3765 425 3833 de
446 3785 633 3854 operarum
649 3759 852 3830 assiduitate
865 3762 1074 3850 interroget:
1108 3757 1209 3830 Tan-

219 3883 343 3939 tumne
365 3889 384 3935 a
410 3889 448 3935 re
469 3878 530 3934 tua
552 3863 621 3934 ocii
643 3860 799 3934 esttibi?
846 3859 958 3932 Nobis
974 3875 1067 3932 certe
1081 3885 1207 3952 pamm

219 3984 271 4040 est
287 3969 376 4054 ocii,
409 3969 469 4038 sed
494 3981 612 4038 tamen
626 3959 865 4036 Ecclesiamm
888 3988 972 4035 cura
992 3964 1208 4034 adficiamur.

219 4069 273 4141 Ac
295 4072 410 4142 multo
434 4070 611 4158 graviores
640 4081 675 4138 et
697 4067 861 4136 iustiores
891 4089 1012 4137 causas
1038 4061 1209 4136 habemus

220 4196 329 4266 quam
352 4172 418 4260 illea
437 4194 542 4240 senex
560 4169 800 4239 Terentianus
821 4166 861 4235 in
885 4190 940 4236 res
956 4167 1068 4237 vicini
1087 4165 1209 4257 inqur-

220 4295 312 4346 rens.
375 4266 534 4340 Obsecro
556 4283 611 4350 te,
652 4269 883 4361 complectere
905 4267 1022 4338 virum
1045 4267 1149 4336 illum
1175 4279 1210 4336 et

219 4375 362 4448 adiuva.
419 4371 492 4444 Nec
514 4366 633 4442 lethro
653 4371 831 4442 dubitavit
846 4367 965 4464 Moysi
986 4370 1070 4438 dare
1090 4369 1209 4438 consr-

219 4475 321 4548 lium.
372 4471 443 4546 Sed
460 4473 526 4544 scis
546 4495 652 4567 quam
665 4473 777 4548 m'ulta
800 4474 845 4542 de
872 4466 980 4544 huius
994 4470 1211 4542 officiicom-
1261 4525 1270 4542 .

219 4576 460 4648 municatione
490 4576 562 4646 dici
590 4575 735 4666 possint.
791 4571 890 4644 Bene
912 4574 1001 4648 vale.
1056 4570 1125 4644 Die
1148 4567 1210 4648 25.

219 4677 367 4764 Martii,
392 4701 464 4770 quo
490 4691 570 4748 aute
594 4698 707 4746 anuos
721 4669 822 4750 6504
838 4672 953 4746 Adam
969 4676 1134 4748 conditus
1148 4689 1210 4758 est,

221 4795 303 4852 ante
318 4802 431 4854 annos
447 4802 531 4849 vcro
551 4776 647 4853 1511
667 4773 831 4850 Christus
847 4776 1032 4847 crucifixus
1048 4792 1111 4849 cst.

728 4938 918 5036 Philippus
935 4937 1161 5018 Melanthon.

223 5128 447 5142 m

254 5245 283 5314 *)
302 5243 436 5300 Videntur
448 5245 491 5302 hic
505 5243 637 5320 quaedam
651 5227 840 5316 praetermissi
853 5265 921 5302 csse.

323 5329 402 5398 Casp.
414 5327 565 5384 Lucerum.
585 5329 647 5383 Vid.
662 5348 705 5402 ep.
719 5327 934 5402 exeunteSeptb.
945 5329 1021 5386 1513.
1033 5330 1066 5385 ed
1079 5331 1210 5388 Senatum

320 5399 575 5470 ordlingieceusem.

780 223 1214 310 nrt-saonattuu
1270 223 1380 306 mn
1412 225 1478 303 Di.
1532 225 1666 305 atta.

2088 404 2250 478 eamn.

2099 499 2235 534 ΝΜ-

1256 395 1452 526 Q.

1477 651 1481 660 ·
1512 597 1619 685 Ata.
1647 597 1990 714 Hordcrebergio.

1323 755 1409 830 Epio.
1422 757 1455 813 nd
1471 757 1656 834 flardenberg.
1668 779 1712 836 ep.
1725 759 1770 818 26.

1401 908 1459 986 D.
1480 907 1680 986 ailberto
1700 907 2094 1014 Hurdebc'rgio.*)

1530 1155 1533 1162 Ἰ
1731 1065 1890 1138 intellexi
1904 1061 2177 1138 Medmannum
2202 1069 2253 1140 ad

1256 1167 1504 1235 accersendum
1529 1165 1574 1238 D.
1589 1163 1777 1238 Bucerum
1800 1193 1841 1240 eo
1861 1169 1939 1261 ipso
1954 1183 2112 1264 tempore
2129 1170 2251 1263 profe-

1258 1277 1352 1335 ctum
1369 1267 1495 1354 fuisse,
1521 1294 1592 1362 quo
1606 1271 1811 1341 tabellarius
1826 1285 1946 1342 noster
1959 1271 2064 1364 Spira
2080 1271 2252 1342 discesse-

1258 1381 1324 1442 rat.
1381 1365 1468 1454 His,
1499 1370 1529 1440 si
1551 1372 1622 1440 iam
1645 1373 1738 1464 apud
1763 1395 1827 1442 vos
1847 1387 1951 1458 sunt,
1976 1369 2139 1445 hortator
2159 1387 2250 1466 esto,

1259 1481 1301 1540 ut
1322 1464 1412 1538 mihi
1436 1472 1572 1566 aliquid
1598 1474 1641 1542 de
1667 1474 1855 1565 praecipua
1873 1489 2069 1546 conventus
2086 1473 2251 1546 Historia

1259 1594 1333 1640 non
1358 1573 1402 1642 de
1423 1569 1579 1664 parergis
1608 1574 1819 1663 significent.
1885 1575 1955 1646 Hic
1982 1573 2050 1646 Dei
2076 1575 2250 1648 beneficio

1258 1673 1498 1766 tranquillitas
1513 1689 1575 1748 cst.
1624 1674 1729 1746 Nunc
1743 1690 1859 1746 autem
1875 1700 1949 1748 non
1966 1701 2006 1746 co
2021 1689 2158 1748 tantum
2180 1677 2251 1748 tibi

1258 1774 1487 1846 scribendum
1510 1800 1583 1846 esse
1609 1778 1716 1862 duxi,
1754 1791 1794 1848 ut
1817 1771 1914 1847 hune
1937 1766 2251 1876 Christoplturum

1258 1875 1455 1946 auditorem
1471 1890 1506 1947 et
1521 1877 1672 1946 amicum
1688 1891 1849 1948 nostrum
1871 1879 1937 1949 tibi
1953 1883 2250 1968 commendarem,

1151 2003 1154 2008 ·
1258 1977 1320 2070 qui
1348 1991 1486 2048 tantum
1509 1979 1656 2048 videndi
1686 1993 1884 2050 conventus
1913 2003 2016 2051 eausa
2046 1982 2137 2053 istuc
2161 2007 2249 2074 pru-

1258 2077 1444 2164 ficiscitur,
1477 2082 1538 2152 scd
1568 2080 1673 2176 etiam
1706 2080 1790 2180 quia
1818 2094 1895 2174 post
1924 2095 2026 2158 tuum
2054 2083 2249 2161 discessum

1258 2173 1316 2249 hic
1332 2177 1727 2276 legatioBrunsWigae
1744 2182 1896 2258 civitatis
1916 2183 2003 2266 luit,
2029 2185 2073 2254 de
2094 2209 2166 2282 qua
2189 2209 2252 2258 ex-

1257 2286 1423 2373 ponenda
1439 2286 1611 2377 quaedam
1628 2284 1696 2354 tibi
1710 2307 1783 2354 esse
1799 2285 1911 2371 duco,
1934 2310 2024 2382 qnae
2041 2287 2086 2356 ad
2108 2299 2143 2358 te
2163 2310 2249 2379 per-

1258 2384 1382 2459 tinent.
1439 2385 1537 2474 Petit
1560 2409 1600 2456 ea
1622 2385 1744 2456 civitas
1765 2387 1917 2457 indicari
1941 2387 2012 2458 sibi
2026 2387 2145 2460 virum
2167 2389 2251 2459 ido-

1259 2509 1388 2572 neum,
1420 2489 1476 2557 cui
1501 2487 1643 2578 tradant
1665 2511 1840 2558 summam
1858 2485 2096 2560 Ecclesiamm
2117 2489 2251 2580 guber-

1257 2588 1438 2661 nationem
1453 2583 1516 2662 καὶ
1532 2582 1744 2683 ἐπισκοπήν.
1795 2587 2192 2679 chsivimusmultos
2213 2605 2251 2664 et

1258 2689 1297 2764 in
1312 2686 1371 2762 his
1385 2691 1438 2764 tui
1452 2691 1672 2762 mentionem
1688 2691 1852 2766 lecimus..
1896 2691 2037 2783 Legatis
2058 2693 2252 2767 consilinm

1257 2807 1419 2866 nostrum
1432 2793 1477 2864 de
1496 2807 1531 2864 te
1549 2793 1787 2885 praeficiendo
1808 2793 1880 2864 suis
1893 2791 2065 2888 Ecclesiis
2076 2795 2253 2888 placebat.
2344 2867 2345 2878 ,

1258 2892 1329 2968 Sed
1343 2897 1387 2966 de
1402 2895 1525 2985 lingua
1539 2895 1768 2980 dubitabant,
1784 2919 1893 2989 quam
1907 2896 2065 2966 dicebam
2079 2899 2251 2968 ernerrda-

1257 3009 1329 3068 tam
1346 3021 1419 3068 esse
1435 2995 1655 3088 Mogontiaci.
1706 2994 1785 3068 Etsi
1810 2997 1920 3085 igitur
1941 3011 1977 3068 te
1993 2999 2137 3070 absente
2153 2995 2249 3068 nihil
2343 3067 2344 3089 ,

1258 3099 1425 3170 constitui
1448 3099 1583 3189 potnit,
1607 3113 1644 3171 et
1664 3122 1731 3170 nos
1752 3099 2013 3185 nesciebamus,
2036 3123 2083 3168 an
2106 3113 2142 3171 tc
2166 3101 2250 3172 aula

1258 3213 1438 3272 retentura
1454 3213 1560 3281 esset,
1590 3213 1709 3274 tamen
1728 3200 1759 3270 si
1783 3201 1825 3270 in
1838 3195 1902 3270 has
1918 3202 2079 3290 regiones
2093 3203 2252 3274 redeun·
2342 3263 2343 3284 ,

1258 3305 1343 3374 dum
1359 3326 1433 3372 esse
1448 3301 1606 3392 putabis,
1621 3326 1686 3372 nec
1700 3315 1736 3372 te
1749 3302 1829 3372 aula
1852 3303 1980 3373 retinet
2002 3327 2105 3395 spem
2126 3301 2251 3374 Brun·

1258 3426 1389 3493 swrgae
1403 3405 1468 3476 tibi
1484 3404 1602 3474 locum
1620 3405 1708 3478 lore.
1743 3403 1851 3493 Quod
1866 3417 1983 3476 autem
2002 3405 2147 3476 abeunti
2162 3430 2255 3476 con-

1257 3505 1500 3598 siliumdedi,
1531 3505 1626 3574 idem
1645 3529 1743 3576 nunc
1766 3507 1833 3592 do,
1858 3519 1900 3578 ut
1913 3521 2030 3598 aperte
2046 3506 2250 3597 ctingenue

1258 3631 1339 3678 cum
1354 3593 1400 3680 Ῑ).
1414 3598 1597 3678 Buchelin
1615 3619 1649 3678 et
1665 3601 1902 3677 Medmauno
1919 3622 1953 3680 et
1970 3607 2023 3680 Μ.
2036 3604 2180 3678 Bucero
2204 3611 2249 3681 de

1258 3709 1327 3780 tuis
1342 3710 1448 3780 rebus
1464 3709 1631 3778 omnibus
1647 3709 1832 3784 deliberes.
1868 3707 2010 3780 Horum
2023 3711 2252 3802 prudentiam

1258 3825 1292 3881 et
1307 3811 1411 3880 fidem
1428 3811 1495 3880 scis
1511 3824 1645 3881 tantam
1660 3833 1745 3897 esse,
1758 3824 1799 3881 nt
1812 3799 1880 3881 1111
1894 3812 1996 3881 utilia
2012 3813 2149 3884 suasuri
2164 3813 2250 3890 sint.

1257 3911 1307 3984 Et
1321 3913 1456 4002 ingenii
1471 3912 1542 3980 vim
1557 3913 1596 3982 in
1603 3905 1788 3984 Buchelio
1802 3913 1873 3983 iam
1888 3913 2253 4002 animadvertissent-

1257 4015 1384 4088 bitror.
1433 4013 1594 4084 Priorem
1613 4012 1867 4103 Augustiniani
1890 4016 2048 4105 collegii,
2072 4011 2249 4107 hospitem

1179 4165 1189 4182 .
1259 4129 1436 4197 vestrum,
1472 4129 1507 4186 et
1527 4129 1606 4187 tuac
1627 4117 1750 4188 literas
1773 4129 1808 4187 et
1834 4115 1895 4186 alii
1917 4112 2009 4186 mihi
2030 4117 2249 4209 praedicant.

1260 4215 1410 4288 Gaudeo
1429 4239 1555 4288 sonare
1580 4217 1682 4288 etiam
1699 4217 1822 4310 Spirae
1836 4241 1958 4288 vocem
1973 4215 2161 4308 Evangelii
2182 4219 2250 4289 lilii

1258 4311 1413 4416 Dei**),
1438 4333 1472 4388 et
1488 4319 1557 4410 ipsi
1571 4317 1690 4390 Priori
1705 4313 1803 4390 hunc
1824 4320 1983 4402 animum
1998 4320 2174 4410 gratulor,
2196 4321 2250 4390 ci-

1260 4445 1328 4515 que
1344 4435 1427 4514 opto
1444 4417 1587 4497 utDeus
1610 4415 1630 4492 ὃ
1645 4420 1808 4520 ἐνεργῶν
1828 4417 1871 4493 τὸ
1894 4417 2039 4507 θέλειν,
2058 4436 2099 4493 ut
2113 4419 2249 4494 Paulus

1260 4523 1394 4618 inquit,
1419 4523 1603 4594 confirmet
1626 4537 1661 4594 et
1681 4537 1778 4614 regat
1793 4547 1887 4598 cum.
1936 4511 2251 4625 Christopltorum

1259 4639 1421 4696 nostrum
1450 4625 1602 4694 deduces
1632 4627 1677 4695 ad
1700 4619 1992 4710 Medmannum,
2031 4621 2131 4696 nihil
2149 4627 2251 4716 petit,
2335 4663 2336 4675 ι

1259 4728 1331 4800 nisi
1344 4739 1385 4798 ut
1399 4725 1438 4795 in
1454 4749 1493 4795 ea
1510 4725 1587 4796 loca
1600 4727 1750 4800 ducatur
1765 4751 1829 4820 per
1843 4727 2082 4810 occasionem,
2106 4727 2170 4800 ubi
2192 4729 2251 4798 vi-

1295 5033 1322 5102 *)
1340 5031 1507 5087 Versabatur
1525 5041 1582 5088 tum
1602 5035 1819 5120 ilerdenberssiue
1843 5057 1907 5092 eum
1922 5038 2091 5093 lllcdmenno
2105 5039 2201 5112 Spirae
2220 5046 2250 5100 in

1329 5109 1480 5174 conventu,
1498 5115 1607 5174 eratque
1619 5106 1690 5178 apud
1703 5103 1928 5179 Christophorum
1942 5107 2077 5164 Comitem
2087 5107 2252 5168 Oldeubur-
2332 5171 2333 5174 ,

1328 5186 1439 5243 gentem
1453 5172 1642 5231 concionator.

1293 5261 1345 5386 *⁴¹2¹
1359 5261 1413 5316 Per
1428 5261 1593 5346 Dionysium
1611 5265 1836 5352 concinuntur-em
1859 5265 1936 5322 aulae
1950 5267 2068 5350 Durriae.
2103 5269 2251 5330 Caeterum

1329 5335 1762 5477 1ili''iiiiii'lii'pill‘l‘iif'
1760 5335 1853 5460 lili.d
1855 5335 2088 5478 {diffilfd'm'
2107 5357 2139 5394 ‘¹
2153 5359 2251 5398 ⁰⁸⁸¹*
