4654 5804
64 275 136 353 716

72 450 135 522 No.
148 447 261 522 6169.

70 549 276 586 κον-υ
912 537 1047 566 '⁹⁸'

356 639 429 726 Cla.
468 637 754 726 Goldsteinio.

123 824 143 885 †
159 817 426 959 ¹illastappqgrpplqiisr·in
444 819 507 880 cod.
521 819 604 876 Goth.
618 818 678 874 191.
698 837 725 892 p.
739 817 775 872 68
781 815 807 872 b,
821 826 848 872 61
865 814 894 871 in
907 817 970 874 cod.
984 813 1049 872 Μο-

139 1034 193 1113 D.
219 1029 452 1110 Chiliono
478 1031 736 1110 Goldstein
762 1031 832 1110 Ph.
859 1033 958 1113 Mat.

64 1149 389 1258 Deliberationem,
411 1196 517 1266 quam
535 1172 603 1242 tibi
621 1171 773 1244 describi
788 1170 941 1256 volebas,
967 1169 1050 1240 mit-

65 1288 129 1342 tam
151 1287 232 1366 post
249 1298 379 1366 paucos
395 1275 469 1343 dies
488 1298 651 1345 excusam
666 1273 760 1368 typis
780 1286 841 1342 aut
865 1287 958 1344 certe
973 1297 1050 1342 ma-

65 1399 109 1445 nu
131 1377 356 1468 descriptam.
407 1375 513 1446 Nunc
535 1377 631 1446 enim
655 1375 765 1444 latine
787 1375 917 1459 reddo,
942 1399 1049 1468 quam

66 1493 157 1548 antea
184 1479 307 1567 lingua
337 1487 502 1568 germana
533 1478 716 1568 composui
733 1477 772 1570 ¹).
828 1473 908 1548 Etsi
930 1491 1049 1548 autem

66 1569 219 1650 Carolus
236 1605 312 1648 non
326 1576 493 1650 abhorret
507 1605 526 1650 a
541 1579 731 1652 moderatis
746 1580 913 1664 consiliis,
930 1593 1049 1648 tamen

66 1681 207 1751 aliorum
233 1684 394 1767 furores,
421 1683 483 1776 qui
510 1683 601 1762 sint,
626 1683 799 1750 videmus.
849 1679 988 1752 Recens
1010 1681 1050 1749 iu

65 1777 208 1876 Belgv'co
229 1799 393 1854 matrona
416 1785 549 1854 nobilis
573 1808 654 1853 cum
676 1783 814 1853 duabus
830 1783 970 1852 filiabus
992 1783 1050 1874 pie

68 1899 97 1953 et
112 1887 237 1976 pudice
254 1887 412 1956 educatis
427 1897 578 1956 cremata
595 1899 647 1956 est
663 1899 806 1976 propter
822 1885 900 1976 piae
916 1885 1051 1954 doctri-

67 2009 125 2055 nae
145 1989 423 2073 conlessioncm,
450 2001 485 2058 et
502 1987 609 2057 audio
628 2009 685 2057 eas
706 2011 780 2056 non
802 1987 908 2056 luisse
927 1999 1050 2056 conta-

67 2089 207 2158 minatas
237 2089 339 2160 malis
367 2089 611 2181 opinionibus.
661 2085 753 2159 Cum
779 2088 930 2158 iunioris
958 2089 1050 2157 filiae

69 2191 274 2282 supplicium
292 2193 440 2262 dilatum
463 2204 571 2277 esset,
595 2203 636 2262 ut
650 2191 849 2282 spectaculo
869 2192 1050 2280 frangere-

634 269 1075 360 arrsroranuu
1133 263 1242 351 cra.
1277 274 1341 353 rx.
1396 272 1560 354 assa..
1623 245 1626 262 “

913 460 947 519 2.
970 445 1050 530 Ape.

2024 289 2099 370 726

1104 447 1286 518 doctrinae
1309 449 1544 530 'fundamenta
1574 467 1609 524 et
1634 459 1954 530 controversiarum
1979 465 2115 535 fontes·

1103 547 1262 637 ignorat,
1290 575 1330 621 ac
1350 553 1498 645 perinde
1520 555 1720 631 considerat
1740 583 1883 630 cursum
1897 558 2093 656 Evangelii,

1102 663 1144 720 ut
1158 651 1224 721 bos
1240 677 1369 723 novam
1389 667 1527 744 portam
1541 657 1696 750 inspicit.

1204 751 1366 848 2)‚Sunt
1389 769 1507 826 autem
1528 760 1609 844 alii,
1635 775 1669 831 et
1690 758 1729 832 bi
1748 761 1892 858 quidem
1913 769 2035 863 magni
2058 785 2098 842 et

1103 855 1260 940 nobiles,
1286 858 1350 950 qui
1363 881 1442 928 snas
1459 863 1504 929 de
1517 862 1688 953 religione
1702 854 2092 958 opiniones'iullectunt

1103 979 1200 1026 more
1216 953 1409 1054 Ezebotit)
1434 964 1478 1030 ad
1496 963 1640 1034 affectus
1663 971 1901 1058 praesentium
1914 973 2092 1059 guberna-

1103 1071 1232 1133 torum.
1283 1060 1388 1132 Tales
1402 1088 1499 1134 nunc
1516 1068 1618 1137 multi
1633 1083 1716 1138 sunt
1731 1071 1770 1139 in
1784 1073 1893 1158 aulis,
1917 1075 1980 1166 qui
1999 1069 2090 1146 hanc

1103 1162 1159 1228 vel
1182 1163 1280 1230 illam
1303 1165 1511 1252 religionem
1530 1170 1700 1258 probant,
1726 1197 1801 1242 non
1824 1177 1919 1268 quod
1936 1199 2017 1244 vere
2041 1175 2089 1246 ita
2140 1251 2143 1260 ,

1102 1264 1266 1380 sentiant,
1291 1259 1389 1366 [sed]
1403 1269 1486 1362 quia
1500 1271 1629 1342 nolunt
1641 1273 1820 1345 offendere
1835 1277 1973 1346 animos
1988 1279 2090 1369 prin·

1102 1389 1232 1456 cipum.
1919 1387 1921 1392 '

1202 1467 1244 1560 8)
1267 1467 1361 1539 Sunt
1390 1470 1495 1540 etiam
1521 1473 1602 1558 alii,
1643 1475 1705 1568 qui
1737 1498 1904 1566 magnum
1934 1483 2091 1552 studium

1102 1569 1241 1659 pietatis
1259 1581 1293 1640 et
1308 1571 1486 1662 singulare
1509 1575 1602 1645 zelus
1627 1600 1710 1667 prae
1732 1581 1921 1667 scierunt,
1947 1585 2007 1653 sed
2025 1579 2093 1654 hoe

1103 1685 1283 1762 praetextu
1308 1697 1388 1742 suas
1411 1676 1621 1765 cupiditates
1640 1679 1778 1770 explere
1796 1697 1981 1758 conantur.
2032 1683 2091 1754 Ad

1103 1767 1198 1842 hunc
1231 1774 1374 1844 tertium
1406 1778 1554 1864 gradum
1588 1781 1768 1871 pertinent
1799 1785 1903 1856 multi
1929 1781 2091 1858 homines

1102 1874 1208 1947 leves.

1203 1971 1246 2072 4)
1273 1975 1477 2048 Postremus
1504 1982 1633 2070 gradus
1663 1986 1820 2056 continet
1847 2011 1928 2056 vere
1954 1990 2094 2076 electos,

1103 2072 1257 2162 hatest,
1282 2103 1435 2174 quorum
1457 2106 1557 2151 mens
1577 2099 1669 2154 recte
1684 2086 1817 2157 iudicat
1830 2089 1874 2158 de
1895 2093 2093 2184 praecipuis

1104 2182 1353 2250 controversiis
1383 2198 1417 2254 et
1443 2208 1562 2254 earum
1592 2187 1821 2259 fundamenta
1846 2191 2031 2284 intelligit,
2059 2210 2094 2266 et

69 2305 136 2377 tor,
159 2296 374 2384 interrogata
393 2305 532 2384 postea,
558 2317 604 2364 an
620 2305 842 2362 recantatum
861 2305 969 2378 esset,
994 2306 1051 2360 re'-
1093 2283 1268 2376 *voluntas
1284 2285 1368 2353 sica
1388 2283 1500 2374 Sps.
1519 2289 1722 2359 confirmata
1745 2305 1814 2376 est,
1840 2307 1880 2366 ut
1897 2318 1970 2364 non
1987 2298 2094 2366 dubi-

70 2395 221 2482 spondst,
247 2417 284 2462 se
305 2396 435 2464 ituram
452 2396 497 2464 ad
518 2407 666 2463 matrem
681 2407 716 2465 et
737 2415 893 2464 sororem
910 2395 949 2464 in
971 2417 1052 2463 coe.
1103 2397 1180 2454 tent
1197 2409 1319 2456 omnes
1339 2411 1394 2456 res
1418 2381 1591 2460 humanas
1612 2391 1772 2461 amittere
1791 2408 1936 2484 propter
1956 2400 2093 2468 conses-

70 2493 145 2567 lum.
170 2493 223 2565 lta
239 2509 275 2566 et
292 2498 335 2564 de
350 2497 425 2588 ipsa
442 2509 622 2586 sumptum
637 2507 688 2566 est
703 2497 926 2588 supplicium.
953 2493 1052 2583 Quas
1105 2486 1240 2554 sionem
1256 2489 1439 2560 doctrinae
1456 2489 1627 2562 divinitus
1643 2494 1803 2563 traditae.
1861 2494 1915 2566 De
1931 2493 1995 2567 bac
2011 2523 2093 2591 per-

70 2583 182 2686 rupes,
207 2622 299 2690 quos
318 2599 482 2690 scopulos
503 2623 578 2667 non
599 2611 758 2668 moveret
774 2593 859 2667 haec
874 2599 1051 2688 asperitas.
1105 2591 1320 2675 severantia.
1346 2615 1434 2684 quae
1455 2593 1493 2659 3¹¹
1516 2617 1645 2684 Paucos
1661 2597 1772 2676 cadit.
1799 2597 1876 2666 Sine
1896 2599 2094 2672 11113611ὺί-

70 2693 132 2766 Nec
147 2713 262 2790 potest
275 2695 361 2769 haec
378 2701 521 2771 saevitia
538 2700 708 2770 diuturna
723 2721 807 2773 esse,
850 2698 1050 2770 sedfilium
1104 2691 1239 2762 tatione
1254 2693 1416 2786 loquitur
1430 2689 1605 2768 Christus.
1643 2693 1725 2766 Non
1741 2699 1835 2767 enim
1852 2701 1935 2772 facit
1951 2703 2093 2773 electio·
2201 2737 2207 2748 ·

71 2793 146 2883 Dei,
166 2803 353 2871 dominum
377 2815 489 2876 nostr,
514 2801 541 2872 1,
558 2799 597 2871 c,
618 2825 780 2885 oremus,
806 2816 846 2872 ue
869 2813 1053 2896 nosxregat
1105 2817 1186 2860 nem
1204 2795 1471 2884 particularem,
1495 2799 1556 2866 sed
1575 2798 1651 2870 vult
1672 2800 1827 2869 discami
1847 2805 1976 2892 gradus
1991 2807 2093 2876 andi-

72 2913 98 2968 et
113 2917 221 2974 servet
243 2899 308 2972 bas
326 2901 502 2973 Ecclesias
522 2917 556 2973 et
572 2903 725 2993 politiae.
760 2901 802 2973 Β.
819 2902 863 2973 V.
896 2902 999 2974 Faria
1015 2904 1051 2978 6.

73 3017 141 3090 post
155 3001 360 3074 Palmarum
376 3029 461 3079 ann.
475 3001 503 3102 ²)
520 2997 627 3077 1546.

211 3205 342 3282 Multi
355 3222 441 3283 sunt
459 3211 594 3300 vocati,
616 3211 731 3312 pauci
746 3210 847 3284 electi
858 3209 899 3309 ³).

163 3359 340 3454 Theologi
372 3365 484 3434 multa
515 3379 549 3436 et
581 3365 679 3434 varia
706 3365 889 3456 disputant
912 3366 956 3434 de
984 3361 1053 3436 hoc

75 3457 175 3548 dicto,
208 3469 269 3536 sed
299 3481 473 3560 quantum
501 3487 564 3555 ego
598 3467 759 3538 existimo
791 3467 1052 3560 simplicissima

75 3564 249 3654 explicatio
273 3568 365 3638 sumi
389 3580 503 3660 potest
526 3591 567 3636 ex
594 3569 876 3639 consideratione
901 3582 1053 3662 quatuor

76 3667 256 3750 graduum,
284 3693 373 3764 quos
393 3665 600 3740 Aristoteles
623 3683 788 3742 recenset.
840 3669 934 3741 Sunt
957 3671 1054 3740 enim

76 3767 242 3840 auditores
258 3769 445 3861 Evangelii
462 3771 720 3864 quadruplices.
774 3767 813 3866 1)
835 3767 910 3840 Alii
934 3785 1054 3842 amant

77 3858 299 3962 Evangelium
344 3865 472 3968 φύσει,
520 3873 545 3946 i.
576 3895 606 3940 e.
636 3873 864 3958 naturaliter,
908 3874 946 3943 id
983 3887 1054 3958 est,

79 3967 221 4046 oderunt
240 3975 383 4045 vincula
400 3975 517 4064 legum
539 3987 576 4044 et
590 3974 888 4076 ceremoniarum,
913 3989 947 4046 et
969 3999 1053 4045 con-

78 4079 125 4138 tra
141 4091 258 4148 amant
278 4078 489 4146 laxationem
509 4075 732 4167 disciplinae;
760 4101 869 4170 quare
885 4101 963 4146 cum
982 4078 1055 4147 exi-

80 4170 228 4263 stimant,
254 4175 442 4268 Evangelii
456 4177 654 4246 doctrinam
674 4199 746 4247 esse
764 4193 893 4248 rectam
909 4195 943 4250 ct
958 4203 1055 4248 com-

80 4279 289 4360 pendiariam
311 4281 405 4348 viam
425 4281 470 4348 ad
495 4279 725 4349 obtinendam
747 4279 944 4361 licentiam,
968 4303 1056 4373 quae

82 4379 187 4449 omnia
206 4405 314 4451 onera
330 4381 478 4466 effutit,
502 4383 657 4474 quodam
675 4405 775 4451 caeco
794 4381 911 4451 studio
934 4383 1056 4450 ferun-

83 4483 134 4546 tur
146 4483 188 4552 ad
201 4508 355 4554 amorem
368 4479 567 4572 Evangelii.
618 4479 677 4553 Ad
692 4479 788 4553 hunc
806 4483 962 4575 primurn
979 4506 1056 4574 gra-

83 4573 159 4649 dum
172 4581 414 4683 collocandaf)
440 4597 492 4654 est
512 4584 663 4655 maxima
684 4583 765 4678 pars
787 4580 945 4680 vulgi⁵),
969 4608 1059 4679 quae

86 4763 276 4788 Qu...—

116 4894 139 4960 1)
155 4896 224 4956 llaec
247 4905 326 4957 verbs
350 4901 380 4956 in
399 4898 462 4955 cod.
480 4897 562 4952 Mon.
586 4915 643 4952 non
661 4897 804 4980 leguntur²
829 4908 854 4953 et
894 4901 1060 4956 rsetermissa

145 4968 266 5026 sidentur
282 4983 442 5044 propterea,
462 4967 536 5038 quod
555 4965 599 5020 ills
620 4965 778 5049 deliberatio
796 4968 835 5020 tbi
853 4987 867 5021 s
883 4969 985 5050 ‘cripta
1010 4981 1060 5037 est,

147 5037 505 5178 qqqqoilpeeqdvnlelpetpqeqqp
522 5034 644 5091 babetur.
682 5035 798 5091 Videtur
815 5035 890 5108 loqur
909 5037 942 5091 de
959 5037 1061 5094 Reior-

117 5183 230 5254 ttniem
252 5191 314 5246 cod.
333 5189 415 5246 Goth.
438 5207 495 5242 non
513 5186 605 5242 babet.

118 5269 144 5339 6)
162 5273 230 5333 llaec
246 5285 352 5332 tanturn
370 5275 400 5330 in
418 5274 481 5331 cod.
499 5273 613 5330 Monac.
630 5271 778 5328 adduntur.

120 5357 145 5424 1)
163 5359 229 5416 Cod.
246 5365 388 5420 rollando.

122 5445 150 5517 5)
169 5449 235 5507 cot.
253 5453 357 5519 vulgus.

1106 2908 1222 2964 torum
1247 2891 1453 2987 Evangelii,
1488 2921 1617 2992 eosque
1639 2902 1818 2971 aestimari
1844 2929 1918 2974 non
1947 2907 2093 3000 quidem

1106 3010 1247 3066 externa
1264 3000 1397 3089 specie,
1425 3001 1492 3092 qua
1513 2997 1606 3069 nihil
1622 3002 1790 3074 incertius
1808 3019 1842 3076 et
1856 3007 2016 3078 fallacius
2034 3023 2095 3096 est,

1104 3100 1164 3166 sed
1180 3100 1293 3170 causis
1308 3100 1549 3182 interioribus,
1574 3103 1707 3174 scilicet
1721 3119 1839 3194 mente
1855 3123 1889 3180 et
1901 3111 2093 3187 voluntate.

1720 3337 1912 3347 *a*
1922 3341 2091 3353 -..ι-..Ἦ

1114 3460 1184 3533 Νο.
1200 3465 1316 3535 8170.

1110 3565 1323 3604 Μ
1375 3593 1381 3605 .

1931 3483 1985 3563 (1·
2008 3485 2094 3569 apr)

1935 3577 2091 3603 m

1506 3673 1542 3757 I.
1558 3673 1704 3760 Ionae.

1174 3839 1253 3896 Edita
1281 3841 1310 3896 in
1334 3843 1382 3898 lib.
1402 3845 1451 3902 lll.
1475 3848 1552 3918 epist.
1577 3869 1603 3920 p.
1626 3851 1685 3905 171.
1710 3871 1725 3906 a
1750 3853 1868 3909 Perelio.
1896 3855 1984 3924 (Edit.
2003 3861 2093 3918 Lond.

1209 3910 1257 3965 lib.
1279 3911 1327 3965 lll.
1347 3915 1459 3984 ep.9t.)
1478 3947 1512 3958 --
1555 3919 1667 3973 Contuli
1693 3923 1799 3990 Apogra
1820 3924 1852 3977 ba
1876 3926 1904 3978 iu
1929 3929 1990 3984 cod.
2010 3929 2092 3986 Gotb.

1207 3979 1267 4034 191.
1284 3999 1312 4052 p.
1325 3981 1369 4037 65.
1386 3991 1412 4036 61
1431 3984 1459 4038 in
1478 3987 1539 4045 cod.
1558 3986 1642 4043 Goth.
1660 3989 1721 4044 tot.
1741 4009 1770 4062 p.
1823 3991 1850 4048 b,

1437 4133 1574 4210 Iusto
1607 4137 1762 4214 Ionae.

1108 4251 1153 4342 S.
1180 4271 1225 4344 D.
1278 4269 1391 4344 Aiunt
1404 4267 1637 4346 Timotheum
1655 4275 1824 4376 Ducem¹)
1845 4275 2013 4364 Atticum,
2038 4284 2105 4356 cui„
2135 4321 2139 4329 -

1110 4375 1300 4466 pingebant
1328 4377 1518 4446 dormienti
1544 4379 1722 4450 fortunam
1747 4381 1894 4472 implere
1912 4379 1941 4478 ²)
1970 4385 2097 4458 insulis
2149 4417 2152 4424 ·

1112 4491 1145 4564 et
1169 4479 1319 4548 urbibus
1341 4478 1447 4562 retia,
1482 4503 1685 4574 quanquam
1709 4483 1872 4575 inprimis
1894 4485 2097 4562 fortunatus

1112 4575 1347 4675 videretur³),
1373 4595 1490 4650 tamen
1512 4583 1610 4651 domi
1625 4585 1826 4658 audientem
1841 4585 2002 4662 Platonis
2024 4615 2097 4660 ser-

1112 4706 1236 4752 mones
1259 4685 1445 4752 denatura
1467 4697 1500 4753 et
1526 4685 1639 4754 causis
1656 4687 1846 4757 multarum
1868 4713 2009 4775 rerum,
2036 4695 2097 4762 de-

1113 4786 1267 4875 plorasse
1282 4807 1380 4854 suarn
1396 4784 1674 4868 infoelicitatem‚
1702 4791 1798 4881 quod
1813 4791 1922 4860 vitam
1938 4793 1977 4860 in
1991 4793 2098 4862 illite-

1113 4887 1198 4956 ratis
1220 4887 1512 4978 occupationibus
1529 4903 1661 4979 ageret,
1694 4887 1879 4962 Platonem
1896 4915 1979 4962 vero
1995 4917 2100 4986 prae-

1148 5189 1177 5259 *)
1197 5185 1320 5242 lesabell

1152 5277 1178 5343 1)
1195 5275 1304 5330 Ducem
1322 5271 1386 5326 Pes.
1405 5291 1461 5326 non
1480 5274 1569 5328 babet.

1151 5357 1324 5430 nimplere]
1345 5356 1409 5412 Per.
1430 5359 1568 5414 mettere:

1070 5482 1076 5502 κ,
1155 5443 1182 5512 6)
1202 5445 1356 5505 videretur]
1375 5431 1537 5499 cot'ttod.
1552 5444 1612 5500 191.
1630 5455 1701 5501 erat.

1193 5509 1386 5594 246*
