4722 5808
191 401 197 408 Ι
233 285 306 362 861
807 281 1248 362 EPISTOLARUM
1298 283 1407 368 ΗΒ.
1439 285 1504 368 ΙΧ.
1558 283 1692 364 1646.
2198 285 2279 362 868

233 463 326 534 effici
341 463 384 532 ad
400 477 435 534 te
451 460 689 536 liberandum.
739 455 844 530 Certe
862 460 1023 532 obsidem
1036 485 1093 530 me
1108 461 1227 530 liben-
1376 459 1517 533 Deinde
1542 457 1684 533 devera
1706 461 1934 536 invocatione
1958 477 1993 536 et
2014 486 2099 534 vero
2122 483 2191 532 usu
2206 458 2274 533 Sa-

233 580 288 636 ter
318 565 492 635 dedissem
521 577 643 656 prote
669 563 870 634 latronibus
898 563 989 646 illis,
1023 563 1227 657 quicunque
1276 581 1537 635 eramentorum
1569 563 1728 658 dicturus
1757 589 1871 651 eram,
1898 566 2018 638 vitatis
2045 565 2089 636 iis
2117 563 2272 655 scopulis

233 660 445 761 luerunt*),
468 666 531 760 qui
556 679 591 736 te
607 679 746 758 captum
764 679 965 736 tenuerunt.
1015 664 1107 736 Vota
1121 667 1227 736 etiam
1275 661 1358 761 περὶ
1370 658 1650 764 προςκυνήσεως
1662 663 1779 762 ἄρτου
1785 719 1798 754 ,
1826 691 1915 762 quos
1931 683 1971 740 tu
1983 691 2059 738 non
2075 666 2130 736 vis
2145 665 2271 735 vitare.

235 771 279 840 ad
303 767 419 839 Deum
451 780 634 838 aeternum
666 781 802 860 patrem
826 765 977 838 Domini
1005 768 1118 838 nostri
1147 766 1227 838 lesu
1275 765 1433 854 Putatis,
1458 783 1493 840 et
1513 769 1634 839 omnia
1650 769 1800 841 dicenda
1817 792 1907 856 esse,
1931 779 1966 841 et
1979 769 2117 840 nullam
2132 790 2272 837 moram

236 866 371 942 Christi
392 871 516 940 sedulo
537 869 615 944 feci.
667 869 772 940 Nunc
794 867 862 939 Dei
883 870 995 962 ipsius
1012 871 1228 960 benignitate
1277 869 1316 937 in
1339 870 1452 940 causis
1473 871 1618 961 agendis
1641 872 1793 942 sortibus
1817 872 1906 942 viris
1927 870 2130 944 convenire.
2189 865 2269 959 Ego
2340 933 2345 944 ,

234 973 436 1042 restitutum
453 985 488 1042 te
503 995 576 1042 esse
592 965 859 1042 honestissimae
876 971 1020 1062 coniugi
1034 985 1131 1058 tuae,
1145 972 1229 1041 dul·-
1276 985 1399 1042 contra
1415 973 1527 1043 multa
1542 986 1742 1063 praetereo,
1762 987 1797 1044 et
1811 987 1998 1046 coutanter
2012 975 2057 1044 ad
2074 991 2195 1042 causas
2212 995 2272 1040 ac-

235 1073 384 1144 cissimis
413 1074 554 1158 liberis,
584 1069 752 1143 Ecclesiis
775 1073 918 1158 vestris,
953 1075 1080 1144 studiis
1107 1075 1228 1144 litera·
1276 1074 1373 1144 cedo.
1425 1073 1496 1146 Sed
1516 1075 1587 1144 scio
1610 1099 1668 1144 me
1688 1075 1799 1145 rideri
1815 1099 1833 1144 a
1849 1075 1991 1161 multis,
2015 1089 2050 1147 et
2065 1073 2167 1144 facile
2182 1072 2272 1145 lero.

235 1199 337 1262 rum,
362 1176 467 1246 nobis
483 1176 669 1260 omnibus,
693 1175 798 1244 valde
820 1177 951 1260 laetor,
973 1189 1007 1246 et
1020 1174 1097 1246 Deo
1115 1189 1228 1246 aeter·
1276 1173 1345 1245 Sed
1363 1176 1489 1245 vellem
1506 1189 1541 1247 et
1557 1177 1639 1246 illos
1655 1191 1689 1248 et
1708 1177 1797 1247 alios
1811 1177 2043 1270 introspicere
2060 1199 2180 1245 meum
2197 1197 2272 1245 cor.

234 1301 303 1362 no,
337 1279 429 1369 patri
449 1275 599 1348 Domini
620 1277 734 1348 nostri
757 1275 837 1346 lesu
851 1272 1007 1362 Christi,
1030 1279 1093 1370 qui
1119 1291 1152 1348 te
1170 1301 1228 1346 re·
1271 1273 1316 1347 Si
1333 1291 1472 1348 tantum
1495 1277 1731 1373 lacrymarum
1747 1281 1898 1349 fundere
1912 1302 2069 1371 possem,
2094 1287 2272 1370 quantum

236 1381 339 1450 duxit
360 1379 399 1448 in
421 1381 568 1449 domum
590 1393 704 1464 tuam,
730 1379 859 1468 gratias
875 1402 959 1468 ago,
986 1403 1227 1474 eumqueoro‚
1275 1380 1454 1449 undarum
1488 1394 1610 1450 noster
1639 1377 1744 1452 Albis
1772 1382 1879 1474 pleno
1909 1376 2010 1451 vehit
2039 1379 2160 1464 alveo,
2192 1399 2269 1446 non

235 1493 276 1550 ut
298 1496 332 1552 te
349 1495 470 1552 servet
490 1481 728 1568 incolumem,
753 1505 794 1550 ac
815 1495 930 1570 regat,
962 1493 1004 1550 ut
1030 1481 1076 1566 sis
1100 1485 1229 1561 σκεῦος
1275 1493 1392 1571 posset
1407 1475 1588 1552 exhauriri
1601 1505 1700 1552 meus
1717 1483 1840 1570 dolor,
1866 1495 1965 1554 ortus
1979 1507 2021 1552 ex
2043 1476 2110 1550 har
2131 1479 2270 1549 dissen-

235 1578 374 1668 ἐλέους,
415 1598 450 1654 et
471 1584 624 1654 salutare
646 1605 807 1672 organon
826 1579 1004 1652 Ecclesiae
1029 1596 1063 1653 et
1084 1584 1227 1675 patriae,
1275 1583 1385 1654 sione.
1443 1581 1541 1654 Deus
1572 1597 1736 1654 aeternus
1767 1599 1868 1676 pater
1888 1583 2027 1654 domini
2051 1581 2166 1653 nostri
2188 1579 2270 1650 lesu

234 1709 305 1778 qua
327 1709 366 1754 re
387 1680 481 1754 nihil
504 1685 633 1756 melius
652 1680 792 1754 homiui
814 1698 876 1756 aut
895 1685 1007 1774 magis
1026 1685 1143 1776 optari
1167 1698 1228 1756 aut
1274 1682 1410 1756 Christi
1426 1684 1523 1755 iuvet
1543 1709 1627 1771 nos,
1653 1681 1746 1768 †cui
1769 1686 1898 1776 gratias
1917 1708 2002 1776 ago,
2029 1685 2123 1778 quod
2150 1681 2268 1752 domi·

233 1787 313 1856 dari
336 1800 460 1879 potest.
519 1785 576 1857 Sis
597 1787 706 1855 foelix
728 1786 833 1867 civis,
859 1800 901 1857 ut
924 1789 1069 1856 fuerunt
1088 1781 1226 1878 loseph,
1274 1811 1362 1856 num
1391 1785 1659 1882 Hieronymum
1693 1783 1959 1860 honestissimae
1992 1785 2136 1872 coniugi
2171 1806 2269 1863 suae,

233 1887 401 1974 Samuel,
434 1885 616 1978 losaphat,
650 1885 831 1973 Elisaeus,
855 1889 1222 1978 etsimilesguberua·
1274 1889 1487 1976 dulcissimis
1501 1889 1636 1974 liberis,
1652 1885 1820 1960 Ecclesiis
1837 1890 1962 1960 vestris
1977 1900 2011 1958 et
2025 1887 2132 1958 nobis
2147 1885 2267 1957 omni-

231 2002 344 2072 tores,
379 2015 532 2084 quorum
557 1989 655 2062 Deus
678 1991 723 2059 ad
751 1990 900 2060 salutem
930 1991 1064 2081 patriae
1091 2004 1225 2062 mentes
1273 1993 1340 2062 bus
1363 1991 1535 2077 restituit,
1568 2005 1704 2076 storo,
1734 2006 1775 2062 ut
1797 2017 1877 2062 eum
1898 2003 2012 2061 servet
2037 1989 2268 2071 incolumem,

230 2093 345 2178 flexit3
371 2117 446 2162 non
468 2093 568 2174 talis,
589 2091 710 2186 quales
730 2093 876 2162 suerunt
898 2089 1069 2179 Pericles,
1090 2091 1224 2162 Demo·
1272 2108 1307 2165 et
1328 2108 1443 2186 regat,
1470 2107 1513 2164 ut
1535 2092 1580 2164 sit
1602 2099 1732 2174 σκεῦος
1752 2090 1883 2173 ἐλέους.
1892 2092 1908 2116 ”
1958 2089 2055 2162 Bene
2081 2091 2179 2176 vale,
2207 2089 2267 2158 die

157 2233 161 2238 -
230 2188 388 2279 sthenes,
415 2194 530 2266 etalii
555 2193 716 2289 quamvis
739 2194 892 2274 laudati,
919 2195 981 2288 qui
1003 2220 1082 2266 cum
1104 2193 1221 2265 Deum

113 2289 122 2297 ’
227 2319 304 2367 non
320 2311 464 2367 nossent
477 2321 551 2366 non
565 2297 778 2388 prosuerunt
792 2295 970 2368 Ecclesiae
986 2295 1065 2370 Dei.
1098 2296 1220 2368 Tuum

228 2421 369 2468 cursum
392 2399 440 2468 ita
463 2395 561 2468 Deus
582 2399 771 2488 gubernet,
803 2412 844 2469 ut
868 2399 1079 2488 gubernavit
1101 2394 1220 2471 hacte-

225 2523 313 2586 nus,
338 2515 380 2571 ut
394 2501 442 2569 sis
456 2514 490 2570 et
504 2497 682 2570 Ecclesiae
697 2495 849 2585 Christi,
877 2514 911 2570 et
925 2503 1110 2571 universae
1126 2499 1219 2572 Ger-

225 2602 366 2671 maniae
388 2602 562 2678 salutaris.
612 2599 710 2671 Bene
733 2603 822 2676 vale.
873 2601 917 2674 D.
935 2595 1104 2674 liuthero
1118 2617 1220 2694 opta-

224 2702 294 2771 rim
317 2717 352 2775 te
369 2703 532 2779 scribele.
583 2701 694 2775 Datae
709 2703 747 2772 in
768 2703 992 2798 aequinoctio
1009 2705 1219 2792 autumnali,

226 2800 336 2880 1645.

696 2901 887 3001 Philippus
912 2904 1139 2984 Melantbon.

220 3130 1210 3147 ——n——t———ffl-ona———u———m--ffi

247 3268 314 3341 No.
331 3269 463 3350 8269„

227 3365 439 3404 Μ
948 3331 951 3338 .
1037 3293 1093 3353 13.
1112 3282 1215 3368 Septb.

561 3464 614 3553 V.
644 3467 878 3552 Theodoro.

288 3623 367 3680 Edita
384 3624 413 3678 io
433 3627 549 3684 Peuceri
567 3639 682 3687 tractatu
701 3632 761 3688 hist.
774 3653 805 3756 p.
823 3635 866 3687 68.
884 3645 911 3688 et
931 3635 960 3688 in
980 3633 1084 3694 Consil.
1103 3641 1214 3697 Melan·

320 3694 409 3748 ibonis
428 3697 516 3750 latinis
535 3699 567 3753 P.
587 3703 610 3755 l.
619 3702 736 3824 (50685.

798 3702 950 3758 ontulimue
976 3709 1162 3782 autographon
1186 3713 1214 3768 in

323 3764 384 3816 cod.
403 3763 516 3821 Monac.
534 3767 556 3824 l.
575 3787 600 3840 p.

167 3961 168 3973 κ
221 3915 447 3993 Clarissimo
475 3921 552 3996 viro
577 3967 630 3980 -
654 3969 706 3982 —
730 3927 786 4003 D.
819 3927 858 4002 V
865 3931 929 4001 ito
955 3927 1213 4024 Theodoro,

221 4024 261 4094 in
288 4021 460 4094 Ecclesia
483 4023 755 4124 Noribergensi
784 4027 927 4103 docenti
951 4033 1214 4133 Evangelium,

378 4125 497 4198 amico
522 4155 591 4201 suo
612 4129 677 4204 καὶ
698 4130 851 4232 ἀδελφῷ
874 4131 1052 4234 φιλτάτῳ.

220 4235 264 4325 S.
298 4258 342 4330 D.
394 4259 483 4332 Cum
502 4266 545 4334 dc
563 4269 792 4358 responsione
808 4267 1063 4342 Ratisboneusi
1077 4277 1213 4348 delibe-

219 4383 355 4446 rarem,
388 4365 545 4450 decrevi,
578 4369 616 4435 in
637 4373 782 4442 exordio
805 4373 1034 4444 recitaturum
1060 4403 1117 4446 me
1139 4405 1211 4450 esse

218 4463 347 4530 veteris
374 4461 586 4537 Germaniae
610 4465 801 4557 Ecclesiae,
828 4499 918 4566 quae
942 4489 1024 4546 aute
1042 4475 1210 4552 Gotthica

218 4576 377 4653 tempora
393 4587 412 4632 a
427 4567 610 4658 discipulis
627 4567 878 4661 Apostolorum
896 4576 924 4657 †
930 4578 1087 4668 primum
1095 4580 1112 4606 ”
1124 4607 1210 4653 con-

217 4665 359 4734 stitutae
382 4681 475 4734 sunt.
523 4667 564 4737 ln
584 4665 641 4738 his
655 4687 704 4742 est
717 4671 1004 4764 Ratisboneusis,
1027 4687 1208 4774 quampri-

216 4789 314 4834 mum
340 4768 524 4838 constituit
543 4769 674 4843 Lucius
697 4770 916 4868 Cyrenaeus,
942 4781 1035 4850 lilius
1058 4784 1134 4853 eius
1155 4810 1209 4854 se-

215 4867 292 4954 nis,
327 4871 388 4962 qui
422 4869 458 4937 in
494 4876 659 4960 gestanda
687 4899 790 4945 cruce
820 4875 934 4946 filium
959 4877 1027 4950 Dei
1061 4887 1208 4958 adiuvit.

215 4967 332 5039 Multa
354 4972 539 5062 splendide
563 4973 600 5040 in
624 4970 691 5044 hoc
715 4977 860 5046 exordio
885 4981 930 5047 ad
947 4981 1024 5070 pios
1045 4979 1206 5056 homines

214 5073 576 5144 confirmandoscum
603 5073 640 5142 in
665 5101 703 5146 ea
719 5079 875 5164 civitate,
902 5094 978 5149 tum
998 5109 1080 5153 vero
1096 5087 1134 5154 iu
1150 5113 1206 5157 ce-

207 5174 297 5272 teris
313 5175 382 5243 dici
400 5177 606 5266 potuissent.

211 5359 433 5374 Μ..

241 5446 269 5500 *l
288 5447 390 5520 Spaub.
404 5451 506 5506 edidits
523 5453 629 5511 sueretu
638 5493 647 5526 ,
666 5475 697 5510 ex
713 5455 904 5512 emendatione
917 5477 973 5514 sua.

1270 2196 1485 2292 aequinoctii
1498 2188 1758 2290 autumnalis*)
1778 2193 1888 2270 1646.
1962 2221 1966 2226 ·

1782 2293 1973 2390 Philippus
1989 2288 2215 2366 Melantbon.

1267 2634 1334 2708 No.
1350 2634 1464 2712 sa70.

1274 2731 1446 2762 w

2110 2635 2167 2718 <n
2191 2633 2240 2711 t)

2087 2725 2261 2758 m

1670 2831 1868 2946 Pegella.

1301 3001 1400 3124 ⁴515,OE
1398 2996 1565 3122 auht10glrlapbo
1587 2997 1617 3052 iu
1644 2965 1709 3054 bibl.
1734 2998 1897 3072 Μεγαλσρχ.
1917 2995 2032 3052 lisdem.
2052 2992 2220 3065 descriptum
2246 3011 2263 3046 a

1403 3109 1410 3126 .
1457 3087 1473 3122 o
1497 3087 1555 3122 ero.

1265 3233 1414 3318 (Pegella
1431 3231 1578 3314 epistolas
1587 3231 1708 3293 cuidam
1721 3231 1850 3294 inclusa.
1876 3229 1952 3298 Vid.
1964 3237 2050 3314 epist.
2059 3229 2091 3296 d.
2105 3234 2162 3296 ts.
2171 3225 2260 3311 Sptb.

1268 3342 1377 3408 1646.
1404 3339 1442 3400 ad
1458 3331 1675 3414 Theodorum,
1697 3358 1714 3396 e
1732 3356 1790 3419 qua
1803 3339 2000 3416 intelligitur,
2028 3335 2103 3395 baec
2119 3333 2185 3395 fere
2198 3332 2261 3392 boo

1583 3453 1720 3521 tempore
1736 3442 1844 3522 scripte
1860 3436 1949 3516 esse.)

1315 3585 1459 3672 Lucius
1475 3587 1706 3696 Cyrenaeus,
1724 3587 2006 3692 σταυροφόρου,
2019 3592 2177 3686 primum
2192 3595 2260 3663 do-

1366 3704 1439 3773 cuit
1460 3699 1697 3792 Evangelium
1720 3700 1766 3768 ad
1787 3695 1995 3769 Danubium
2020 3698 2060 3766 iu
2082 3689 2258 3790 Augusta

1364 3800 1565 3889 Tiberina,
1589 3803 1832 3892 Regensburg.

1313 3896 1504 3990 Crescens,
1531 3906 1753 3994 Moguntiae.

1313 4004 1501 4090 Clemens,
1527 4007 1630 4078 Meti.

1311 4107 1351 4182 T
1351 4105 1560 4208 rophimus,
1586 4105 1734 4179 Arelati.

1311 4210 1471 4285 Marcus
1497 4211 1600 4282 Pauli
1615 4207 1810 4299 discipulus
1829 4206 1869 4274 in
1886 4203 2030 4274 Passau.

1312 4312 1534 4399 Maternus,
1566 4311 1665 4382 Petri
1686 4308 1901 4402 discipulus,
1926 4304 2101 4377 Coloniae
2127 4322 2162 4378 et
2183 4303 2252 4380 Ar-

1362 4418 1548 4508 gentorati.

1309 4511 1538 4592 Nathannel
1553 4518 1646 4608 apud
1663 4513 1850 4603 bituriges,
1866 4509 2048 4584 Treviros.

1308 4617 1486 4693 Losarus
1503 4619 1730 4689 resuscitatus
1744 4613 1945 4708 Massyliae.

1306 4723 1416 4795 Anno
1439 4721 1579 4792 domiui
1604 4717 1653 4789 55
1674 4717 1851 4809 lapidatus
1872 4709 2074 4807 Stephanus
2102 4725 2138 4782 et
2166 4737 2251 4784 con-

1358 4847 1479 4893 versus
1497 4820 1641 4894 Paulus.

1306 4925 1438 4995 Paulus
1468 4946 1590 5014 passus
1616 4921 1744 4992 ultimo
1774 4943 1870 4988 anno
1902 4915 2057 4988 Neronis
2089 4917 2250 4986 videlicet

1358 5049 1452 5094 anno
1468 5025 1605 5094 domini
1620 5021 1682 5096 70.
1733 5018 1830 5112 Ergo
1846 5019 2076 5096 concionatus
2092 5033 2147 5092 est
2158 5017 2250 5090 Pau-

1355 5129 1411 5196 lus
1425 5127 1563 5197 circiter
1577 5125 1626 5199 35
1642 5146 1765 5194 anuos.

1257 5299 1446 5310 ——m

1286 5387 1316 5454 *l
1338 5387 1400 5441 l'ez.
1419 5385 1503 5438 edidit
1522 5384 1576 5438 sic:
1607 5383 1650 5436 die
1672 5383 1713 5437 tt.
1734 5382 1855 5455 Septem.
1875 5381 1921 5454 qui
1939 5380 1991 5434 luit
2008 5379 2065 5436 dies
2087 5381 2247 5454 aequinoctii

1323 5454 1496 5511 autumnalis.
