4704 5804
230 234 308 316 ⁸2?

237 431 359 494 servo,
383 409 482 503 qnod
500 407 540 478 in
563 407 657 480 libro
680 405 965 483 sextoHistoriae
986 413 1083 487 illius
1098 413 1224 484 scribi-

237 523 310 586 tur.
339 505 515 606 διαβολῆς
535 502 606 604 μὲν
624 507 670 583 οὐ
688 517 861 606 σῶφρον,
885 511 970 586 οὔτε
992 512 1110 615 λέγειν
1122 510 1226 596 τινὰς

239 613 292 696 ele
311 605 503 705 ἀλλήλους,
531 609 616 684 οὔτε
634 607 723 694 τούς
736 607 942 696 ἀκούοντας
963 612 1224 710 ἀποδέχεσθαι.

238 713 422 786 Postremo
437 736 649 805 magnopere
662 727 696 786 te
711 741 786 799 oro,
801 729 843 786 ut
859 718 995 810 quoties
1010 715 1158 790 habebis
1172 735 1225 790 ta·

239 813 424 898 bellarios,
455 838 512 884 res
532 828 664 885 vestras
691 812 782 886 mihi
814 818 996 908 significes.
1056 819 1226 892 Videmus

101 942 114 958 „
239 917 445 1008 impendere
467 916 590 987 fatales
612 918 826 988 mutationes
841 917 1021 1012 Imperiis,
1046 947 1136 1015 quae
1162 923 1226 992 etsi

240 1017 378 1090 duriter
405 1017 612 1089 co'ncutiunt
630 1013 845 1105 Ecclesiam,
878 1035 996 1091 tamen
1023 1047 1089 1092 nos
1123 1048 1227 1115 expe-

240 1131 335 1190 ctare
362 1118 535 1188 auxilium
560 1131 594 1194 et
617 1120 765 1190 salutem
789 1145 807 1188 a
828 1123 894 1190 deo
915 1135 1050 1194 rectum
1071 1138 1105 1196 et
1128 1127 1226 1218 pium

242 1233 306 1296 est.
356 1216 454 1290 Bene
468 1220 558 1294 vale.
592 1219 650 1289 die
668 1218 834 1312 Gregorii
852 1219 962 1298 1544.

440 1356 442 1360 ·
762 1319 950 1418 Philippus
970 1321 1176 1402 MelschoN.

238 1654 435 1784 Q.
1066 1673 1124 1733 ts.
1137 1664 1225 1730 urea.

1049 1756 1219 1786 W„

511 1837 662 1926 Iouclz.
697 1839 953 1930 Camerario.

306 1979 392 2056 Epist.
406 1979 440 2038 ad
449 1977 589 2042 umen.
602 2002 631 2058 p.
643 1983 749 2058 seseq.
767 1985 821 2058 (ed.
830 1985 920 2042 lond.
931 1984 983 2042 IV.
996 2004 1039 2061 ep.
1048 1986 1133 2060 ste).

107 2197 113 2208 ,
239 2126 400 2208 Clarias.
434 2135 512 2210 viro
545 2133 747 2212 eruditione
780 2149 812 2212 et
850 2141 978 2214 virtute
1014 2145 1226 2240 praestanti

237 2233 488 2312 lonchimo
513 2231 793 2313 Camerario
825 2239 1070 2341 Pubergense',
1103 2247 1223 2319 amico

491 2411 496 2419 .
522 2397 525 2402 ,
580 2365 650 2414 suo
674 2341 888 2433 carissimo,

234 2450 283 2543 S.
308 2469 354 2549 D.
404 2471 529 2548 Idibus
541 2473 684 2550 Martiis
702 2499 783 2552 cum
798 2478 940 2574 quidem
955 2481 1000 2551 de
1012 2478 1051 2556 C.
1065 2477 1222 2554 Caesaris

235 2596 339 2663 nece,
373 2575 489 2672 deque
509 2571 676 2653 humanis
697 2579 849 2652 miseriis
870 2581 981 2652 multa
1004 2585 1223 2676 cogitassem,

236 2677 421 2770 epistolam
442 2679 561 2770 accepi
580 2693 698 2767 tuam,
721 2681 761 2754 in
783 2707 852 2778 qua
874 2685 1007 2755 mentio
1030 2699 1080 2757 est
1097 2686 1221 2784 scripti

234 2776 461 2852 Ciceroniani
480 2781 525 2852 dc
539 2779 738 2854 Senectute.
787 2779 910 2880 ltaque
932 2785 1007 2857 eins
1031 2787 1103 2858 diei
1124 2789 1221 2880 cogi-

233 2879 369 2952 tatione
388 2893 526 2970 motus,
563 2882 702 2955 avidius
720 2883 827 2976 relegi
847 2881 961 2958 totum
988 2886 1151 2960 libellum
1177 2893 1221 2962 de

234 2979 441 3069 Senectute,
463 2996 507 3056 ut
519 2981 677 3055 viderem
696 2987 768 3056 illis
782 2981 949 3060 humanis
963 2989 1221 3063 calamitatibus

234 3107 325 3176 quae
349 3083 505 3156 remedia
526 3079 591 3158 καὶ
614 3081 895 3185 ἀλεξιφάρμακα
918 3093 1138 3184 opposuisset
1158 3091 1220 3164 Ci-

151 3221 154 3228 =
234 3205 328 3260 cero.
377 3182 555 3256 Vidimon
571 3187 685 3258 solum
702 3191 871 3277 suaviter,
895 3193 1083 3264 sedetiam
1105 3195 1220 3264 ambi-

232 3285 323 3357 tiose
339 3285 505 3378 scriptam
524 3309 598 3358 esse
612 3287 710 3360 illam
724 3293 1013 3380 consolationem,
1037 3319 1077 3366 ac
1092 3295 1220 3387 puduit

233 3387 364 3456 addere
384 3387 650 3478 praefationem.
708 3389 778 3461 Sed
801 3394 972 3484 postridie
997 3419 1101 3466 mane
1120 3420 1220 3467 casus

232 3483 446 3576 intervenit,
469 3489 532 3583 qui
546 3511 604 3559 me
621 3491 735 3582 coligit
751 3517 883 3562 morem
898 3517 1017 3585 gerere
1034 3496 1220 3588 cupiditati

233 3589 481 3661 adolescentis:
514 3585 656 3664 Decidit
677 3587 828 3688 lychnus
841 3595 880 3663 in
896 3595 1048 3689 pagellas
1062 3593 1220 3669 Ambro-

232 3681 336 3786 sii').
385 3689 470 3761 Ideo
486 3714 532 3760 ne
546 3693 782 3784 suspicaretur
798 3718 817 3764 a
836 3719 893 3766 me
915 3697 1115 3788 petulanter
1139 3724 1219 3770 cor-

232 3789 354 3892 ruptas
369 3813 460 3878 esse,
480 3792 603 3888 scripsi
619 3796 883 3888 praelationem.
933 3795 986 3870 Te
1002 3825 1142 3896 quoque
1156 3825 1219 3872 ro-

232 3915 291 3984 go,
314 3905 357 3965 ut
369 3917 427 3964 rue
440 3917 593 3968 excuses.
633 3893 688 3968 De
701 3898 924 3983 enarratione
939 3903 982 3972 ad
997 3902 1112 3994 ipsum
1131 3904 1218 3974 scri-

231 3997 298 4080 bo,
323 4019 403 4067 eum
420 4019 517 4069 nunc
531 3998 674 4092 quidem
687 4001 773 4082 ,satis
787 3997 915 4074 habeat
930 4003 1016 4090 ocii,
1040 4005 1216 4076 sactumm

231 4096 380 4182 rectius,
405 4099 439 4167 ei
460 4099 665 4190 praesertim
680 4100 719 4169 in
743 4095 810 4173 hoc
826 4103 965 4190 libello,
989 4106 1121 4198 inquo
1144 4119 1215 4176 tam

229 4197 363 4268 multae
379 4213 630 4270 coacervantur
645 4195 831 4288 historiae,
856 4205 966 4274 multa
983 4205 1067 4276 item
1084 4203 1216 4276 exPla-

231 4307 318 4369 tone
339 4309 375 4369 et
386 4291 624 4390 Xenophonte
640 4303 801 4394 decerpta
823 4317 924 4383 sunt,
950 4307 1056 4376 addat
1069 4307 1215 4376 uberio-

229 4401 306 4470 'rem
325 4398 596 4475 enarrationem.
644 4399 741 4474 Bene
754 4406 841 4480 vale.
892 4401 1000 4476 Plura
1019 4431 1083 4498 per
1101 4405 1215 4478 Frau-

231 4501 375 4575 tiscum.
840 4501 973 4604 Philip.
990 4503 1164 4580 Melanth.

238 4834 306 4908 No.
321 4833 435 4914 2879.

1055 4855 1111 4916 16·
1124 4847 1212 4912 thu.

230 4931 441 4968 ww
1039 4939 1209 4968 ψη»

617 5021 655 5109 Ι.
682 5023 832 5110 Ionae.

363 5162 564 5238 [plat-lm.
581 5166 713 5239 psai*
830 5233 843 5248 „

227 5307 432 5324 m

259 5390 290 5464 *l
308 5393 436 5450 haebreo.
450 5391 590 5451 Sshmeri.
625 5392 690 5450 vie.
705 5391 732 5450 d.
745 5393 786 5450 18.
798 5392 882 5448 nrm.
895 5391 925 5452 1.
938 5411 964 5448 a.

808 233 1245 319 EPISTOLARUM
1296 233 1405 314 LlB.
1430 235 1505 314 lX.¹
1547 233 1681 314 1544.

2142 183 2147 194 ¹
2194 238 2272 314 ses

1617 404 1753 478 Iusto
1773 402 1931 478 Ionae.

1276 517 1320 606 S.
1347 537 1392 610 D.
1429 537 1506 611 Etsi
1522 565 1705 636 nunquam
1724 542 1919 635 quidquam
1937 541 2057 612 scribit
2072 534 2268 642 ἀξιόλογον

1276 631 1521 728 Francrscus,
1553 647 1704 738 quadam
1728 637 1917 738 ὑπερβολῇ
1940 645 2073 714 aulicae
2095 645 2267 736 supersti-

1277 741 1402 829 tionis,
1426 759 1544 816 tamen
1561 747 1637 815 eius
1652 745 1860 836 epistolam,
1880 745 1963 838 quia
1986 739 2094 815 hodie
2107 747 2267 860 primqru

1278 845 1382 915 allata
1396 859 1459 930 est,
1487 847 1553 916 tibi
1570 845 1683 926 mitto,
1709 847 1881 914 missurus
1898 845 2079 939 aliquanto
2093 859 2268 938 postser-

1279 945 1380 1019 tiora.
1430 945 1521 1016 Nam
1545 971 1586 1018 ex
1611 947 1690 1017 aliis
1712 946 1803 1016 aulis
1821 960 1962 1036 expecto
1976 941 2159 1018 historiam
2178 941 2267 1016 lide-

1279 1045 1348 1116 lius
1362 1046 1539 1140 scriptam.
1590 1047 1662 1118 Nec
1677 1062 1793 1118 tamen
1810 1047 1987 1136 ingratum
2011 1061 2061 1118 est
2080 1048 2118 1116 in
2134 1043 2305 1144 Fransp

1280 1143 1368 1216 sisci
1380 1147 1507 1234 literis,
1539 1151 1636 1242 quod
1657 1163 1727 1220 tam
1750 1148 1858 1218 effuse
1883 1149 2059 1240 praedicat
2082 1149 2266 1219 lenitatem

1279 1239 1413 1318 Caroli
1429 1271 1509 1340 erga
1525 1263 1675 1324 nostros.
1726 1249 1796 1322 Sed
1813 1251 1911 1318 brevi
1926 1244 1992 1318 hac
2005 1251 2049 1318 de
2063 1273 2102 1318 re
2116 1251 2233 1341 plura.

1377 1347 1483 1421 Nunc
1503 1352 1547 1420 de
1561 1351 1634 1421 filio
1648 1351 1755 1421 velim
1778 1363 1811 1420 te
1826 1348 1902 1420 Deo
1926 1351 2054 1440 gratias
2076 1373 2198 1442 agere,
2230 1363 2266 1424 et

1279 1453 1375 1544 quod
1389 1452 1586 1533 revalescit,
1604 1465 1641 1521 et
1664 1453 1758 1546 quod
1780 1474 1896 1520 mores
1921 1464 2005 1522 sunt
2025 1451 2130 1520 laude
2152 1451 2265 1541 digni.

1279 1551 1465 1646 Sumptus,
1491 1554 1554 1624 etsi
1576 1553 1702 1623 durius
1721 1553 1827 1638 vixit,
1853 1575 1959 1646 quam
1983 1553 2146 1644 poscebat
2166 1553 2265 1621 vale-

1278 1653 1414 1723 tudinis
1434 1655 1543 1739 ratio,
1558 1667 1624 1740 te,
1647 1668 1688 1725 ut
1710 1654 1797 1722 boni
1819 1654 2001 1742 consulas,
2028 1652 2134 1723 etiam
2157 1667 2264 1748 atque

1276 1753 1383 1824 etiam
1404 1779 1480 1829 oro.
1535 1753 1625 1824 Nam
1648 1758 1685 1824 in
1710 1750 1777 1824 hoc
1800 1754 1877 1846 ipso
1899 1755 2025 1824 morbo
2047 1777 2122 1822 nou
2143 1757 2265 1824 minus

1277 1855 1412 1926 studuit
1426 1869 1485 1926 tua
1495 1850 1734 1928 Oeconomico
1747 1855 2016 1940 administrare,
2038 1878 2144 1948 quam
2163 1878 2266 1924 suam

1276 1956 1517 2027 valetudinem
1547 1981 1687 2042 curare,
1719 1981 1788 2050 qua
1810 1979 1852 2028 ex
1879 1979 1919 2026 re
1942 1956 2017 2028 eius
2038 1955 2264 2046 diligentiam

1275 2057 1457 2128 aestimare
1469 2071 1580 2152 potes.
1630 2048 1729 2130 Bene
1742 2057 1833 2132 vale.
1885 2057 1945 2130 16.
1959 2055 2096 2130 Martii.

1776 2151 1965 2252 Philippus
1986 2152 2234 2234 Melanthum*

1271 2517 1339 2594 No.
1353 2520 1466 2598 2880.
1513 2523 1515 2532 ’
1618 2621 1624 2632 ἱ

1618 2708 1678 2800 Α.
1712 2705 1934 2796 Seducere.

1338 2867 1488 2926 Praemisso
1503 2867 1593 2924 libros
1618 2871 1661 2926 Μ.
1678 2869 1818 2927 Ambrosii
1830 2869 1960 2927 suum
1974 2865 2163 2924 annotationes
2175 2867 2203 2924 in
2218 2869 2259 2926 Μ.
2293 2925 2297 2946 Ι

1372 2939 1406 2993 Τ.
1420 2937 1560 2994 Ciceronis
1571 2937 1651 2994 Dialo
1691 2941 1764 2994 ende
1775 2951 1922 2996 senectute.
1956 2937 2039 2993 ussit.
2053 2940 2127 2993 1541.
2143 2940 2169 2994 8.
2187 2940 2257 3008 apud

1371 3007 1433 3063 Nic.
1449 3005 1573 3087 Bryling.
1591 3033 1627 3048 -
1689 3009 1724 3064 id.
1762 3027 1811 3063 use
1833 3009 1866 3062 de
1885 3007 1937 3062 hac
1960 3005 2046 3078 praef.
2064 3007 2132 3062 Mel.
2148 3007 2260 3078 scripsit

1372 3073 1529 3132 Camerario
1545 3093 1573 3128 ru
1586 3093 1628 3148 ep.
1642 3075 1670 3131 d.
1684 3075 1712 3132 d.
1729 3079 1742 3131 1
1762 3077 1867 3132 ‚Mart
1879 3075 1907 3131 b.
1919 3094 1944 3130 a.

1305 3203 1410 3281 Phil.
1435 3207 1530 3284 Mel.
1555 3205 1800 3284 Ambrosio
1824 3202 2064 3282 Seducere
2114 3205 2152 3281 S.
2174 3205 2222 3284 D,
2346 3281 2347 3308 ,

1271 3319 1439 3415 Gratiam
1465 3346 1531 3420 tibi
1564 3339 1700 3430 habeo,
1732 3345 1830 3438 quod
1857 3366 1915 3413 me
1947 3344 1991 3412 ad
2019 3329 2261 3410 Ciceroniuni
2346 3315 2347 3341 ¹

1271 3445 1393 3538 scripti
1421 3440 1464 3515 de
1483 3454 1658 3517 senectute
1684 3447 1873 3516 lectionem
1898 3441 2084 3526 revocasti,
2115 3443 2256 3514 dulcem

1271 3571 1354 3618 sane
1369 3561 1403 3618 et
1423 3571 1572 3640 prorsus
1586 3547 1806 3632 Nestorium,
1830 3547 1893 3616 sed
1912 3558 2030 3616 tamen
2054 3543 2255 3614 tenuiorem

1270 3649 1332 3718 illa
1354 3649 1611 3734 consolatione,
1651 3671 1757 3742 quam
1788 3646 1894 3717 nobis
1913 3645 2072 3718 doctrina
2096 3645 2259 3714 coelestis
2345 3687 2346 3718 ι

1269 3751 1454 3842 proponit,
1480 3775 1569 3846 quae
1592 3773 1685 3833 nori,
1710 3761 1751 3818 ut
1764 3745 1908 3833 Cicero,
1934 3767 2259 3817 causassenescen-
2345 3743 2346 3758 ¹

1268 3852 1314 3922 tis
1339 3865 1373 3921 et
1397 3852 1608 3924 intereuntis
1637 3846 1812 3920 humanae
1837 3863 1986 3919 naturae
2007 3847 2045 3916 in
2069 3845 2256 3915 materiam

1269 3953 1415 4038 confert,
1441 3975 1513 4040 seu,
1538 3967 1578 4024 ut
1591 3947 1816 4035 Aristoteles,
1840 3945 1971 4043 ολςτὴν
1986 3944 2177 4042 στέρησιν,
2193 3949 2256 4016 sed

1267 4053 1372 4122 aliam
1393 4053 1584 4124 tristiorem
1608 4075 1747 4123 causam
1771 4064 1958 4124 monstrat.
2006 4048 2045 4120 Si
2067 4048 2165 4117 enim
2188 4043 2258 4116 ho-

1268 4153 1404 4223 minum
1430 4169 1555 4226 natura
1576 4157 1710 4243 integra
1735 4166 1843 4236 esset,
1868 4175 1944 4222 non
1967 4162 2007 4220 ut
2022 4171 2125 4238 poma
2139 4161 2255 4218 mata·
2344 4229 2345 4254 ρ

1267 4253 1339 4324 riae
1354 4254 1452 4326 fluxu
1468 4256 1683 4346 languefacta
1698 4255 1918 4347 putrefieret,
1943 4251 2001 4320 sed
2018 4245 2119 4344 ἀκμὴ
2132 4243 2255 4320 homi-

1266 4379 1353 4426 num
1370 4369 1537 4448 perpetua
1553 4367 1731 4441 maneret,
1764 4378 1829 4425 nec
1845 4366 1983 4424 tantum
1997 4352 2157 4440 vigerent
2170 4373 2255 4420 sen·

1265 4481 1343 4542 sus,
1365 4459 1425 4526 sed
1439 4459 1618 4528 accederet
1632 4457 1731 4526 aliud
1747 4458 1851 4546 longe
1864 4453 1979 4526 maius
1994 4453 2140 4534 honum,
2168 4447 2255 4521 har-

1266 4557 1385 4627 monia
1402 4558 1575 4628 concinna
1591 4557 1752 4628 omnium
1768 4556 1923 4648 partium
1946 4550 2114 4624 hominis.
2163 4550 2255 4622 Ful·

1264 4671 1361 4748 geret
1373 4657 1412 4726 in
1429 4673 1546 4731 mente
1569 4660 1705 4730 firmior
1724 4659 1768 4728 de
1783 4655 1860 4728 Deo
1885 4655 2037 4739 notitia,
2052 4655 2191 4724 arderet
2211 4653 2251 4722 in
2343 4679 2344 4717 v

1266 4761 1565 4831 voluntatemne
1585 4757 1654 4830 Dei
1678 4772 1713 4830 et
1741 4760 1897 4830 studium
1922 4755 2192 4847 obtemperandi
2216 4767 2254 4826 et

1265 4860 1335 4931 luci
1351 4861 1495 4932 divium
1515 4863 1553 4931 in
1571 4874 1689 4932 mente
1708 4883 1831 4930 omnes
1848 4859 2078 4952 appetitiones
2095 4857 2252 4927 domitae

1264 4961 1341 5033 sine
1354 4963 1428 5032 ulla
1444 4963 1664 5036 contumacia
1680 4975 1856 5054 parerent.
1904 4959 2087 5045 Nunc,.ut
2102 4957 2141 5027 iu
2158 4981 2251 5028 neve
2342 5031 2343 5060 ρ

1263 5065 1393 5150 lacera,
1418 5065 1467 5135 ita
1488 5065 1527 5135 in
1552 5059 1618 5135 hae
1637 5077 1757 5135 nostra
1775 5077 1901 5134 natura
1917 5077 2034 5154 partes
2050 5082 2252 5130 omnesve-
2342 5061 2343 5072 ’

1263 5169 1317 5238 lut
1327 5159 1473 5237 'tabulae
1487 5159 1805 5238 dehiscunt'statim
1820 5177 2005 5258 postquam
2026 5161 2152 5253 exiguo
2168 5185 2251 5232 cur-

1262 5269 1375 5340 riculo
1389 5267 1512 5339 aetatis
1534 5279 1715 5362 quassatae
1729 5279 1831 5352 sunt,
1854 5291 1895 5338 ec
1915 5265 2086 5358 paulatim
2104 5285 2251 5356 prorsus

1260 5373 1486 5462 tranguntur.
1533 5364 1630 5441 Mihi
1650 5369 1722 5440 iam
1735 5363 1964 5467 ὠμογέροντα
1983 5377 2018 5438 et
2040 5387 2165 5436 sensus
2187 5361 2250 5434 he-

2101 2521 2264 2594 rutum

2096 2616 2260 2640 “o
