4754 5806
100 3311 105 3328 ,
209 3239 434 3322 discordiam,
460 3256 550 3327 quae
565 3231 703 3313 exarsit,
728 3223 894 3299 humanis
909 3224 1066 3294 consiliis
1080 3219 1201 3292 dirim

191 231 238 300 91

194 399 307 474 causis
327 393 551 491 publicatum
573 367 812 462 mutationum
832 385 996 478 cogitare.
1048 381 1130 474 Qua
1145 381 1185 452 in

193 503 404 592 cogitatione
428 493 468 572 bi
482 495 556 590 ,qui
579 517 635 564 res
663 487 836 562 humanas
850 503 992 560 ¹temere
1018 485 1116 557 volvi
1146 509 1186 554 ac
1272 519 1275 532 ·

195 604 345 688 samnito
370 600 547 686 iudicant,
584 617 659 664 non
689 604 837 685 possunt
863 614 939 680 non
960 583 1188 658 vehementer

196 708 312 778 odisse
333 725 389 772 me
410 715 444 780 et
464 699 535 769 mei
558 697 701 770 similes.
752 691 823 766 Sed
844 693 948 782 longe
972 689 1075 760 aliter
1091 689 1135 759 de
1153 701 1188 760 te

199 807 331 892 sentio,
372 825 456 880 uam
486 812 521 870 et
547 795 772 890 providentia
795 793 918 864 divina
939 791 1013 882 regi
1032 787 1189 861 humana
1275 828 1297 894 ,ι

198 913 403 981 adseverare
419 916 454 974 te
471 901 645 984 arbitror,
676 913 711 970 et
733 891 826 968 hanc
848 896 961 988 ipsam
980 891 1191 975 doctrinam,

198 1033 288 1106 quae
303 1019 404 1078 sonat
418 993 462 1074 in'
471 999 630 1074 Ecclesia
643 998 730 1083 Dei,
755 1010 849 1077 certo
865 995 1031 1070 traditam
1046 1015 1119 1064 esse
1133 991 1191 1062 di-

126 1129 130 1140 ·
200 1111 334 1182 vinitus
362 1119 514 1178 statuere
547 1107 582 1174 te
614 1126 689 1172 non
722 1101 858 1172 dubito.
917 1095 1040 1190 ltaque
1071 1117 1193 1188 spero,

201 1210 338 1286 etiamsi
359 1207 590 1278 immoderata
613 1205 814 1296 aliquorum
838 1199 984 1270 consilia
1007 1209 1042 1266 et
1062 1219 1192 1290 φορτι-

200 1307 346 1408 κώτερα
366 1308 434 1380 tibi
457 1306 663 1400 displicent,
695 1318 812 1374 tamen
837 1325 959 1370 eorum
979 1299 1134 1368 studium
1159 1308 1193 1364 te

201 1440 278 1488 nou
294 1411 514 1506 improbare,
545 1408 608 1501 qui
629 1429 685 1476 res
704 1401 915 1472 necessarias
933 1396 1109 1470 Ecclesiae
1125 1395 1193 1468 Dei

203 1517 384 1590 moderate
404 1510 581 1604 explicant
597 1509 673 1577 sine
689 1505 788 1596 regni
806 1503 1009 1595 cupiditate.
1061 1499 1192 1590 Scripsi

203 1632 322 1692 autem
348 1613 408 1700 ea,
449 1635 540 1707 quac
565 1605 741 1680 Ecclesiae
766 1603 834 1676 Dei
864 1605 1050 1696 profutura
1080 1624 1195 1694 spero,

203 1720 407 1815 quicunque
420 1715 563 1784 tandem
577 1709 727 1802 imperia
742 1721 776 1778 et
790 1730 872 1797 opes
889 1705 1072 1776 tenebunt.
1122 1699 1195 1771 Nec

204 1821 454 1892 immoderatas
482 1813 724 1884 contentiones
756 1807 903 1900 probavi
934 1805 1007 1874 ulla
1035 1803 1073 1874 in
1097 1815 1195 1894 parte

118 1955 120 1962 ·
203 1945 382 2016 unquam,
416 1916 537 1988 sedin
560 1913 699 2000 castris,
739 1911 778 1980 in
803 1909 931 2004 quibus
951 1925 1055 1983 sum.
1089 1903 1197 1974 fuisse

204 2049 262 2096 me
278 2037 312 2094 et
327 2043 399 2090 esse
415 2018 596 2088 confiteor.
642 2013 764 2106 Neque
778 2026 895 2082 tamen
910 2011 987 2078 loco
1001 2003 1195 2078 Ecclesiam

204 2149 279 2196 uno
302 2119 552 2194 circumscribo
574 2129 635 2186 aut
657 2115 828 2182 inclusam
858 2135 931 2180 esse
962 2108 1095 2192 sentio,
1136 2107 1196 2176 sed

207 2327 271 2422 qui
287 2338 426 2418 streete
442 2319 616 2402 sentiunt,
642 2331 677 2388 et
691 2339 772 2386 vere
787 2311 902 2384 Deum
919 2313 1097 2382 invocant.
1124 2307 1198 2397 Qui

207 2427 364 2512 etiamsi,
403 2435 576 2518 quantum
606 2419 755 2502 vellent,
794 2416 916 2485 iuvare
949 2413 1130 2484 doctrinae
1165 2423 1199 2479 et

207 2529 414 2622 disciplinae
428 2521 711 2596 emendationem
728 2525 802 2588 iton
816 2527 979 2608 possunt,
990 2529 1125 2603 ,tamen
1139 2534 1199 2602 ge-

205 2633 317 2717 mitu,
350 2643 385 2699 et
403 2624 646 2697 moderatione
669 2619 898 2690 consiliorum
921 2617 1132 2698 ostendunt,
1163 2635 1199 2681 se

207 2747 303 2806 recte
324 2731 463 2801 sentire.
513 2722 591 2794 Hos
611 2745 751 2817 quoque
771 2713 915 2812 probari
930 2717 1006 2789 Deo
1027 2714 1200 2806 significat

206 2828 390 2916 Ezechiel,
423 2828 486 2900 ubi
501 2851 570 2896 vox
586 2826 706 2894 divina
724 2821 820 2916 parci
843 2821 943 2890 iubet
962 2819 1038 2904 iis,
1056 2816 1117 2910 qui
1139 2837 1200 2905 ge·

207 2949 314 3007 munt
336 2945 480 3026 propter
503 2921 724 3020 prophanata
747 2921 887 3014 templa.
937 2917 1111 2990 Existimo
1134 2941 1200 2986 au-

208 3054 280 3109 tern
295 3051 330 3107 te
344 3055 485 3130 quoque
500 3029 539 3099 in
555 3053 596 3099 eo
613 3050 762 3098 numero
779 3048 863 3097 esse.
883 3030 890 3046 “
909 3021 1028 3111 Quare
1044 3033 1079 3090 te
1096 3031 1131 3089 et
1144 3017 1201 3087 di-

207 3140 281 3232 ligo
307 3151 341 3208 et
365 3134 552 3212 colendum
577 3131 679 3202 duco.
737 3121 816 3196 Etsi
847 3136 963 3194 autem
992 3118 1200 3192 horribilem

210 3366 287 3414 non
309 3361 409 3434 posse
431 3337 611 3418 videmus,
646 3345 765 3403 tamen
787 3325 929 3398 interim
946 3325 1013 3396 erit
1026 3320 1201 3406 Ecclesia;

210 3441 299 3516 huic
311 3440 442 3512 servire
457 3435 652 3530 poterimus
669 3431 762 3500 veris
777 3429 901 3498 officiis
916 3427 1020 3496 etiam
1036 3427 1123 3495 durn
1139 3422 1201 3492 alii

210 3547 257 3616 dc
276 3543 393 3634 regnis
416 3537 597 3610 dimicant.
655 3529 821 3625 Optarim
843 3529 952 3619 igitur
974 3550 1032 3596 me
1059 3547 1202 3618 quoque

211 3647 420 3718 servientem
442 3636 666 3710 mediocriter
686 3635 725 3702 in
743 3630 974 3724 explicatione
988 3627 1203 3698 necessariae

212 3747 394 3820 doctrinae
408 3743 475 3816 tibi
489 3764 563 3810 non
580 3733 785 3828 improbari.

312 3876 409 3948 llaec
422 3871 548 3966 scripsi
563 3871 606 3940 ad
621 3881 674 3952 te,
699 3889 780 3936 cum
790 3856 817 3934 l
817 3855 1006 3932 oachimas
1015 3857 1082 3929 Vir
1095 3853 1206 3952 Opti-

97 4061 104 4071 ,
212 4007 293 4055 mus
322 3979 446 4073 tuique
472 3969 732 4046 amantissimus
761 3967 828 4036 iter
855 3966 899 4034 ad
922 3978 957 4035 te
980 3973 1205 4054 suscepturus

215 4098 321 4164 esset,
346 4094 402 4164 ut,
423 4102 503 4148 cum
521 4087 641 4144 nostra
657 4069 723 4141 tibi
740 4067 942 4138 coniunctio
958 4079 1042 4136 nota
1059 4063 1123 4146 sit,
1148 4083 1205 4130 me

216 4186 357 4282 quoque
368 4175 439 4250 tibi
455 4175 750 4248 commendarem.
800 4167 893 4238 Nam
908 4168 1013 4235 illum
1028 4175 1069 4234 ut
1084 4176 1205 4234 tueare

216 4303 252 4360 et
272 4283 459 4363 delendas,
491 4271 601 4347 habes
627 4293 749 4364 graves
774 4291 903 4340 causas.
953 4263 1044 4336 Nota
1067 4261 1206 4334 esttibi

215 4387 328 4482 ipsius
342 4385 474 4464 virtus,
499 4391 582 4447 nota
600 4373 775 4456 eruditio,
801 4383 885 4440 nota
900 4367 1074 4438 rectitudo
1090 4363 1208 4434 consi-

207 4493 350 4562 'liorum
372 4479 531 4554 inomni
554 4477 681 4548 allicio.
730 4469 780 4544 Et
798 4474 889 4544 bene
912 4467 1040 4538 mereri
1061 4489 1141 4536 eum
1164 4467 1208 4534 de

152 4667 155 4677 ,
216 4589 359 4684 Repub.
386 4586 495 4654 vides.
561 4576 661 4648 Talis
692 4573 757 4645 Vir
784 4575 829 4644 ab
855 4571 1023 4642 omnibus
1050 4563 1209 4638 honestis

219 4691 389 4764 acerrime
409 4682 687 4779 propugnandns
707 4689 796 4748 erat.
846 4673 900 4744 Te
922 4672 1066 4765 quidem
1083 4669 1120 4738 ei
1135 4691 1210 4739 non

221 4797 426 4866 defuturum
438 4809 514 4858 esse
525 4783 611 4859 scio.
661 4776 759 4852 Bene
773 4775 863 4849 vale.
914 4773 960 4846 X.
976 4769 1124 4864 Aprilis.

735 4903 923 5002 Philippus
937 4900 1161 5014 Melanthos.

767 184 1207 289 nrrsronanuu
1258 211 1364 288 mu.
1398 211 1463 289 rx.
1518 209 1651 294 rste

2024 312 2027 320 4
2181 219 2237 292 ea

2021 399 2035 471 (
2043 397 2091 459 lais
2115 396 2219 473 dieb.)

2016 487 2231 524 m

1247 383 1315 459 No.
1329 383 1445 509 2683.

1241 484 1449 514 ww

1563 568 1625 656 Io.
1654 567 1906 656 Mattbesio.

1308 741 1392 818 Epist.
1408 741 1506 800 libii.
1526 745 1613 818 pso.
1633 745 1690 814 (ed.
1703 745 1793 802 Laud.
1810 743 1858 804 lib.
1870 745 1906 800 ll.
1925 765 1968 820 ep.
1980 747 2034 817 75.)

1444 897 1498 972 D.
1520 894 1738 972 Iohanni
1762 897 2032 974 Matthesio

1239 1020 1286 1112 S·
1311 1041 1357 1138 D,
1408 1039 1484 1112 Etsi
1501 1043 1572 1112 lato
1590 1043 1743 1136 quodam
1761 1041 1907 1112 ultimae
1923 1044 2047 1112 mundi
2065 1059 2237 1132 senectae,

1241 1141 1423 1238 Principes
1445 1145 1638 1214 dilacerant
1661 1145 1784 1212 orbem
1807 1157 1979 1213 terrarum
2004 1145 2148 1215 insulsis
2171 1173 2237 1217 cu-

1242 1245 1451 1346 piditatibus
1467 1259 1501 1316 et
1520 1245 1694 1314 consiliis:
1727 1259 1845 1316 tamen
1872 1247 1967 1338 quod
1989 1245 2149 1318 existimo
2172 1271 2236 1340 ge-

1242 1373 1310 1420 nus
1325 1345 1523 1418 humanum
1538 1369 1612 1414 non
1628 1357 1745 1416 ortum
1763 1368 1836 1422 essa
1853 1368 1953 1430 casu,
1984 1349 2043 1416 sed
2058 1349 2235 1418 divinitus

1184 1498 1192 1514 ·
1243 1451 1425 1525 conditum
1442 1451 1484 1516 ad
1502 1447 1822 1538 immortalitatem,
1844 1470 2046 1517 mansuram
2063 1473 2135 1518 esse
2151 1475 2237 1542 par·

1243 1567 1313 1624 tem
1328 1575 1402 1622 non
1415 1549 1559 1634 dubito,
1585 1573 1674 1642 quae
1689 1545 1804 1618 Deum
1821 1547 1984 1622 celebret.
2033 1547 2110 1622 Hac
2124 1575 2183 1643 spe
2199 1565 2238 1622 et

1243 1653 1442 1724 studiorum
1462 1650 1749 1742 propagationem
1769 1651 1881 1718 bonos
1895 1651 1990 1720 viros
2008 1653 2099 1722 tueri
2123 1654 2237 1728 decet·

1245 1753 1364 1846 Quare
1381 1753 1605 1822 confirmabis
1622 1751 2077 1840 animoscivium¹tuorum.
2127 1751 2237 1824 Hunc

1247 1849 1456 1925 Iohannem
1473 1849 1692 1922 Saluianum
1720 1869 1842 1920 rrattun
1868 1853 1905 1920 iu
1920 1849 2059 1922 Noricis
2074 1848 2241 1946 Alpibus,

1247 1959 1452 2028 accersitum
1485 1955 1575 2025 istuc
1607 1957 1652 2024 ad
1686 1978 1816 2023 munus
1848 1950 2131 2048 hypodidascali,
2169 1956 2239 2028 tibi

1248 2059 1474 2136 commendo,
1500 2071 1604 2148 teque
1620 2077 1705 2144 rogo
1721 2069 1761 2124 ut
1777 2055 1865 2124 meis
1880 2056 1998 2124 verbis
2014 2061 2240 2128 commendes

1249 2284 1392 2354 psrssem
1415 2272 1449 2328 et
1472 2261 1565 2352 ipse,
1599 2259 1630 2326 si
1652 2258 1731 2350 plus
1753 2246 1843 2325 mihi
1864 2255 1932 2326 ocii
1949 2258 2081 2334 luisset.
2132 2258 2241 2329 Valet

1249 2359 1308 2432 hic
1322 2355 1515 2431 Iohannes
1531 2360 1692 2450 ingenio,
1725 2371 1760 2428 et
1782 2353 1940 2428 honestis
1963 2359 2122 2430 moribus
2136 2384 2241 2452 prae-

1250 2466 1345 2534 ditus
1360 2475 1428 2548 est,
1459 2476 1493 2532 et
1508 2463 1662 2555 quadam
1676 2460 1846 2530 civilitate
1863 2475 1970 2554 quam
1985 2475 2097 2532 vestra
2115 2462 2242 2532 cis-itas

1249 2565 1408 2660 requirit
1463 2559 1559 2634 Audi
1579 2585 1700 2632 recens
1719 2562 1852 2632 iactum
1865 2556 2107 2652 Lotharingici
2122 2565 2243 2633 catius-

1250 2671 1331 2738 dam
1348 2663 1512 2748 Domini,
1545 2664 1607 2757 qui
1629 2684 1783 2753 egressos
1807 2663 1899 2732 cives
1914 2661 2090 2733 Metens'es
2104 2665 2243 2758 aliquot
2290 2671 2292 2674 ’

1250 2769 1346 2838 viros
1361 2782 1395 2837 et
1409 2767 1575 2836 mulieres
1590 2765 1629 2834 in
1650 2765 1808 2834 vicinum
1833 2763 2004 2855 oppidum
2027 2767 2070 2834 ad
2092 2768 2243 2836 audien-

1251 2873 1337 2941 dum
1371 2870 1655 2939 concionatorem
1693 2865 1793 2960 pium
1831 2866 2024 2958 oppressit,
2065 2867 2245 2938 interiecit

1251 2968 1384 3041 multos
1397 2969 1542 3040 viros'et
1557 2967 1741 3052 mulieres,
1774 2967 1983 3036 mulieribus
1999 2970 2147 3058 pervim
2164 2983 2243 3039 stu-

1252 3095 1314 3164 pra
1336 3071 1452 3142 oblata
1477 3081 1571 3143 sunt.
1631 3067 1709 3139 Hoc
1733 3070 1840 3137 modo
1867 3068 1996 3160 polluit
2026 3065 2152 3160 pascha
2181 3071 2246 3140 ille

1252 3171 1455 3268 Tyrannus.
1507 3171 1565 3242 Sic
1583 3170 1743 3241 irritatur
1756 3165 1853 3238 Dens
1869 3169 2004 3256 studio,
2030 3173 2115 3240 dum
2131 3169 2246 3242 Turci

1253 3274 1387 3344 suntin
1405 3285 1606 3366 conspectu.
1654 3271 1752 3342 Deus
1767 3272 1859 3342 adsit
1875 3272 1990 3340 nobis.
2040 3269 2138 3342 Bene
2154 3273 2246 3346 vale.

1253 3375 1411 3450 Salutem
1426 3388 1509 3466 opto
1525 3373 1729 3445 doctissimo
1747 3372 1823 3441 viro
1841 3369 1885 3446 D.
1898 3367 2042 3444 Naevio
2059 3373 2247 3446 etGuber·

1253 3477 1371 3547 natori
1386 3471 1536 3549 scholae.
1599 3569 1601 3574 Ι

1263 3683 1391 3696 ιιι-ἰιι-
1402 3679 1657 3696 -ιιι-ι-ι-ι--ι-..ιο-ι

2080 3834 2138 3896 13.
2154 3821 2236 3906 Ape.

2068 3913 2243 3944 Μ

1255 3814 1452 3946 Q.

1626 3999 1692 4106 H.
1712 3997 1877 4088 Bonna.

1324 4175 1587 4322 ψεξῗῇῗοςηρῇο
1616 4183 1644 4232 et
1666 4177 1825 4252 autographi
1848 4177 1923 4236 laeto
1946 4178 1974 4232 in
1999 4176 2063 4236 eod.
2086 4175 2170 4234 Gotb.
2188 4177 2250 4234 tes.

1518 4399 1789 4474 Hermanno
1814 4399 1990 4475 Bonna.

1258 4515 1304 4608 S.
1326 4533 1373 4610 D.
1423 4533 1535 4628 Saepe
1550 4561 1664 4623 nunc,
1688 4537 1820 4630 optime
1844 4551 1879 4609 et
1895 4535 2094 4608 doctissime
2108 4529 2256 4625 Boane,

1261 4638 1375 4727 cogito
1389 4639 1432 4706 de
1447 4639 1610 4710 mirando
1624 4641 1839 4730 spectaculo,
1874 4641 1970 4732 quod
1995 4639 2033 4706 in
2055 4640 2167 4708 exodo
2188 4641 2255 4710 de·

1263 4739 1440 4823 scribitur,
1465 4741 1528 4836 ubi
1541 4737 1637 4810 Deus
1654 4765 1691 4810 se
1705 4739 1801 4812 Mosi
1816 4741 1969 4812 ostendit
1983 4739 2089 4810 stanti
2104 4739 2142 4808 in
2158 4762 2257 4826 saxo,

1262 4865 1302 4911 ac
1318 4840 1550 4917 transiturum
1565 4865 1600 4911 sc
1614 4865 1706 4926 esse,
1737 4843 1857 4936 inquit
1871 4837 2002 4937 (Exod.
2018 4836 2094 4934 33.)
2111 4841 2179 4921 ita,
2211 4857 2257 4913 ut

1264 4965 1372 5014 manu
1385 4941 1500 5032 ipsum
1515 4943 1728 5034 praeteriens
1744 4957 1912 5035 protegat.
1943 4941 2143 5032 Significari
2158 4943 2256 5012 euim

1231 5081 1232 5086 κ
1265 5044 1403 5130 iudico,
1425 5041 1541 5114 Deum
1557 5047 1705 5114 transire
1721 5071 1784 5137 per
1798 5047 1999 5114 universam
2014 5044 2143 5113 mundi
2158 5060 2257 5116 aeta-

1265 5161 1337 5217 tem
1346 5199 1362 5231 „
1383 5141 1419 5214 et
1433 5145 1501 5218 sibi
1517 5145 1681 5236 colligere
1695 5147 1895 5230 ecclesiam,
1926 5170 2017 5238 quae
2030 5159 2098 5216 stat
2116 5145 2154 5214 in
2169 5169 2257 5216 saxo

1266 5260 1301 5319 et
1321 5269 1431 5316 manu
1445 5244 1514 5315 Dei
1534 5248 1739 5340 protegitur.
1789 5245 1865 5316 Hac
1886 5247 2160 5338 protectione'et
2184 5242 2260 5318 hu-

1268 5351 1323 5420 ius
1340 5349 1432 5434 saxi,
1456 5343 1523 5418 hoc
1538 5359 1590 5420 est
1600 5343 1752 5438 Christi,
1782 5348 1994 5439 cogitatione
2013 5348 2177 5420 consolor
2199 5373 2260 5418 me

206 2228 340 2320 ubique
359 2237 534 2302 terrarum
554 2219 686 2288 multos
708 2217 822 2284 bonos
844 2226 879 2283 et
901 2213 1091 2304 prudentes
1114 2231 1197 2288 csse,
1249 2151 1743 2279 ⁹⁰f¹¹3¹¹1aem³²mi³⁰h⁰¹³⁰
1768 2169 1922 2238 “straet
1956 2159 2240 2250 adquflmffll·
2344 2223 2356 2231 .
