4654 5804
82 249 146 323 649
262 315 268 318 ,
645 233 1083 314 EPISTOLARUM

82 433 283 503 curaturum,
308 399 348 486 ul
369 439 432 508 per
452 416 546 484 viros
561 415 700 494 doctos,
726 410 977 484 conscientiam
992 411 1049 480 in-

82 541 196 614 tegram
210 515 392 604 habentes,
415 517 623 588 concordiae
638 531 671 586 et
687 515 782 607 pacis
801 527 969 599 amantes,
995 539 1051 582 re-

80 626 226 699 formatio
246 621 484 693 Ecclesiarum
509 619 769 702 conscribatur,
804 640 869 686 nec
900 639 966 684 nos
989 639 1050 684 ex-

81 731 254 800 cludendos
294 724 523 806 existimavit,
574 745 644 814 quo
679 720 799 787 minus
834 718 1050 789 audiremur.

79 831 137 902 Sed
154 831 182 911 si
197 829 299 897 etiam
318 851 380 917 per
396 848 461 893 nos
483 823 692 892 deliberatio
711 821 790 891 talis
810 815 1047 899 exhiberetur,

78 934 178 1002 voluit
198 929 362 999 omnibus
382 927 531 996 statibus
554 925 615 994 illa
640 923 787 992 consilia
810 921 983 1013 proponi,
1016 934 1050 989 et

78 1049 219 1106 amanter
246 1045 279 1102 et
307 1025 500 1100 christiana
530 1029 659 1119 pietate
687 1023 812 1119 ‘quaeri
832 1022 1049 1092 conciliatio-

76 1161 144 1206 nem
159 1133 322 1204 Ecclesiis
335 1133 543 1214 salutarem,
570 1131 682 1197 donec
704 1127 743 1194 in
762 1125 917 1216 generali
935 1125 1048 1193 libero

77 1253 105 1308 et
121 1234 304 1306 christiano
314 1233 476 1304 Concilio
493 1232 550 1302 vel
563 1228 737 1300 nationali
749 1226 895 1323 Synodo
909 1226 1047 1316 integra

76 1339 258 1410 conciliatio
274 1333 510 1428 perficeretur.

163 1453 302 1546 ltaque,
324 1467 365 1523 ut
379 1452 555 1540 intelligat
576 1447 616 1522 C.
634 1445 688 1522 M.
704 1445 767 1531 V.,
792 1469 858 1517 nos
880 1447 975 1518 iuxta
1002 1446 1048 1514 il-

74 1561 124 1629 lud
140 1557 300 1648 Spirense
324 1553 504 1624 decretum
525 1553 712 1621 inclinatos
738 1573 810 1617 esse
834 1551 877 1617 ad
899 1549 992 1640 piam
1014 1561 1048 1616 et

75 1656 285 1728 christianam
307 1655 610 1742 conciliationem,
642 1646 849 1721 exhibemus
872 1648 970 1722 Caes.
993 1647 1046 1722 M.

74 1761 111 1832 V.
127 1786 200 1828 cum
223 1759 341 1828 debita
368 1756 564 1825 reverentia
589 1754 813 1848 quorundam
844 1751 1044 1823 docentium

72 1863 103 1928 in
121 1857 282 1929 Ecclesiis
304 1857 435 1928 nostris
466 1871 501 1926 et
523 1857 674 1924 aliorum
697 1853 857 1922 virorum
879 1849 1046 1921 honesto-

72 1988 158 2046 rum,
185 1964 315 2031 bonam
343 1959 596 2029 conscientiam
628 1951 838 2024 habentium
865 1969 899 2024 et
924 1959 1044 2048 pacem

72 2064 249 2133 amantium
286 2057 578 2130 deliberationem
617 2059 662 2126 de
695 2057 752 2146 pia
785 2056 1045 2134 conciliatione,
1081 2055 1087 2066 “

72 2189 147 2257 quae
160 2167 201 2234 ad
215 2163 364 2254 gloriam
382 2159 450 2230 Dei
465 2175 499 2232 et
514 2161 661 2230 salutem
678 2159 839 2227 omnium
861 2159 1045 2250 profutura

69 2267 213 2350 ridetur,
237 2277 272 2332 et
288 2267 331 2333 de
346 2287 414 2357 qua
430 2277 555 2332 neutra
570 2285 651 2353 pars
666 2261 791 2330 merito
810 2261 911 2352 queri
927 2261 1046 2352 possit,

70 2379 188 2435 etcum
209 2367 327 2435 debita
354 2365 549 2434 reverentia
574 2386 733 2442 oramus,
759 2375 799 2431 ut
815 2357 912 2433 Caes.
932 2359 983 2433 M.
1000 2359 1045 2431 V.

21 2459 24 2464 ¹
68 2483 195 2558 propter
208 2468 355 2557 gloriam
371 2465 438 2540 Dei
454 2481 487 2536 et
508 2466 654 2534 salutem
670 2464 853 2532 universae
869 2459 1046 2536 Ecclesiae

69 2581 96 2638 ct
116 2569 315 2658 praesertim
336 2565 567 2637 Germanicae
588 2565 744 2634 nationis
765 2565 825 2634 det
852 2564 1046 2654 inspicien-

40 2695 44 2702 ’
69 2670 142 2738 dum
156 2685 189 2740 et
206 2665 525 2760 expendendum²)
540 2668 626 2735 viris
642 2667 771 2749 doctis,
796 2689 870 2734 non
886 2663 1044 2756 partiali-

69 2770 141 2856 bus,
172 2772 396 2864 cupientibus
419 2771 600 2840 communi
628 2767 732 2836 saluti
751 2763 930 2836 Ecclesiae
958 2791 1044 2836 con-

69 2873 186 2960 sulere;
213 2899 286 2967 quo
302 2897 342 2940 ex
360 2872 490 2962 scripto
505 2867 600 2940 haud
616 2869 723 2938 dubie
739 2869 914 2958 intelliget
931 2866 971 2942 C.
990 2865 1043 2936 M.

68 2969 120 3057 V.,
141 2998 205 3043 nos
225 2969 322 3041 nihil
339 2997 505 3064 quaerere
526 2985 587 3041 aut
612 2983 788 3062 spectare,
814 2971 883 3038 uisi
908 2985 946 3040 ut
967 2971 1043 3060 glo-

67 3073 110 3143 ria
124 3073 188 3144 Dei
205 3101 289 3148 vere
303 3075 498 3143 celebretur
516 3085 550 3142 et
564 3069 749 3160 Evangelii
768 3074 895 3141 veritas
917 3073 1042 3151 luceat,

66 3188 97 3252 et
111 3177 213 3248 saluti
235 3176 436 3247 animarum
461 3187 661 3244 nostrarum
689 3188 722 3244 et
744 3174 936 3244 multarum
958 3197 1043 3266 gen-

64 3277 160 3360 tium,
186 3293 220 3350 et
243 3278 364 3347 firmae
387 3275 637 3370 tranquillitati
658 3275 791 3366 patriae
809 3289 949 3345 nostrae
973 3271 1043 3346 hu·

62 3377 110 3448 ius
127 3379 359 3450 Germanicae
374 3379 530 3449 nationis
546 3377 761 3449 consulatur.

152 3495 225 3567 Nec
248 3495 355 3563 nobis
378 3493 558 3584 displicet,
591 3491 744 3582 proponi
770 3485 862 3562 hanc
884 3507 1039 3562 nostram

63 3597 362 3679 deliberationem,
400 3595 495 3664 bono
527 3594 666 3678 studio,
704 3593 855 3663 fideliter
884 3608 920 3664 et
946 3597 1040 3664 hona

63 3699 266 3768 couscientia
297 3697 480 3786 scriptam,
521 3695 665 3764 caeteris
702 3694 843 3787 imperii
878 3697 1040 3778 statibus,

62 3801 113 3890 qui
138 3825 156 3869 a
183 3799 289 3870 nobis
311 3797 542 3876 dissentiunt,
566 3810 608 3866 ut
630 3821 710 3866 cum
733 3800 887 3868 caudore
909 3811 944 3866 et
964 3799 1040 3868 sine

62 3901 225 3972 calumnia
246 3901 454 3992 expendent.
504 3895 571 3984 Et,
593 3897 624 3966 si
650 3922 756 3992 quam
779 3901 928 3968 formam
953 3924 1040 3970 con-

60 4003 309 4073 stituendarum
334 4001 559 4070 ecclesiarum
587 3999 655 4090 ipsi
676 4001 971 4090 composuissent,
1000 4013 1041 4071 ut

59 4104 90 4174 in
113 4129 248 4175 recessu
272 4101 432 4192 Spirensi
455 4103 635 4171 decretum
658 4114 730 4186 est,
767 4103 870 4171 nobis
898 4127 1039 4197 quoque

60 4231 125 4274 eam
136 4201 329 4298 'ostendi³)
343 4203 515 4294 petimus,
540 4217 580 4272 ut
596 4216 755 4271 amanter
771 4203 814 4271 de
830 4227 965 4273 summa
987 4206 1038 4273 rei

59 4309 206 4378 conferre
230 4308 326 4376 iuxta
356 4305 446 4374 illud
469 4303 635 4395 Spirense
661 4307 859 4390 decretum,
894 4319 927 4376 et
953 4331 1039 4377 con-

59 4411 205 4479 cordiam
232 4407 446 4478 constituere
470 4407 657 4496 possimus.

146 4513 300 4610 Verum,
328 4523 598 4594 clementissime
622 4521 835 4616 lmperator,
861 4548 935 4596 uon
956 4547 1038 4618 pos-

56 4649 168 4698 sumus
190 4623 260 4697 hoc
282 4625 490 4718 praeterire,
515 4626 613 4718 quod
635 4625 887 4715 intelligimus,
919 4640 1038 4707 status,

57 4731 112 4820 qui
126 4755 145 4800 a
157 4730 263 4799 nobis
275 4727 508 4811 dissentiunt,
531 4721 599 4796 hoc
615 4751 699 4818 prae
716 4751 752 4798 se
763 4729 874 4811 ferre,
898 4752 934 4798 se
948 4721 1038 4798 hanc

58 4829 248 4908 institutam
275 4825 353 4901 aC.
367 4825 419 4900 M.
436 4825 478 4900 V.
502 4828 786 4899 conciliationem
811 4855 886 4900 nou
906 4831 1038 4898 admis-

56 4954 146 5002 suros
169 4954 243 5002 esse
267 4944 474 5022 propterea,
500 4929 596 5022 quod
610 4923 757 5000 Paulus
772 4930 916 5017 tertius,
940 4929 1038 5001 Pon-

54 5032 131 5102 tifex
151 5031 357 5115 Romanus,
386 5030 514 5100 iterum
539 5029 706 5104 indixerit
730 5035 921 5106 concilium
953 5031 1038 5104 Tri-

53 5209 252 5228 w

83 5316 109 5384 2)
127 5322 336 5385 expectandum
354 5319 486 5414 Leriptum
501 5329 540 5375 est
554 5321 585 5374 in
597 5318 663 5406 eorl.
675 5316 748 5375 Gall.

82 5415 107 5478 8)
125 5416 267 5478 Scriptum
286 5427 342 5472 ests
357 5420 435 5476 endi.

1135 239 1243 318 LIB.
1269 239 1332 318 IX.
1387 242 1517 320 1545.
2023 240 2098 316 650

1104 415 1202 485 denti
1234 430 1508 501 conventurum,
1533 401 1584 488 ‘et
1615 414 1800 486 advocavit
1831 411 2026 507 Episcopus
2059 428 2094 498 et

1104 513 1281 586 Praelatos
1307 532 1341 588 ct
1362 519 1467 601 alios,
1494 520 1624 612 quibus
1646 541 1728 587 cura
1754 531 1822 600 est,
1849 533 1889 588 ut
1904 517 2093 609 privilegio

1103 619 1141 686 in
1160 619 1317 688 conciliis
1336 621 1557 709 generalibus
1580 620 1756 689 residendi
1772 635 1806 690 et
1819 621 2017 706 ¹sententias
2036 619 2094 688 di·-

1103 721 1204 789 cendi
1221 735 1373 811 potestas
1396 717 1505 815 est⁴).
1557 713 1814 792 Circumfertur
1834 723 1939 793 etiam
1962 723 1999 790 in
2017 720 2091 790 Irn-

1102 821 1200 914 perio
1228 823 1426 912 exemplum
1456 823 1575 916 scripti
1597 823 1800 909 Pontificii,
1836 827 1881 894 ad
1908 821 1948 898 C.
1969 823 2021 898 M.
2045 821 2091 898 V.

1102 925 1198 992 missi
1214 938 1368 1016 tempore
1385 922 1513 995 Gallici
1530 921 1826 1019 expeditionis⁵),
1848 928 1942 1020 quod
1960 927 2090 996 iniuste

1100 1027 1261 1116 sugillat,
1286 1023 1326 1099 C.
1349 1025 1402 1101 M.
1428 1027 1493 1111 V.,
1526 1027 1733 1098 labefactare
1756 1043 1920 1116 conatur,
1954 1051 1995 1096 ex
2018 1051 2089 1120 quo

1100 1131 1143 1197 de
1162 1131 1343 1199 voluntate
1363 1129 1457 1216 eius,
1482 1132 1652 1202 instructa
1677 1145 1751 1200 arte
1773 1143 1808 1200 et
1830 1132 1953 1200 fraude
1969 1130 2089 1198 conie-

1100 1244 1198 1300 ctura
1212 1231 1287 1299 lieri
1303 1245 1434 1322 potest,
1460 1235 1555 1325 quod
1572 1237 1614 1302 ad
1633 1229 1861 1302 christianam
1885 1247 1919 1302 et
1939 1232 2088 1300 liberam

1099 1335 1274 1426 synodum
1290 1335 1381 1404 etad
1398 1331 1626 1404 christianam
1646 1334 1929 1404 conciliationem
1946 1347 2090 1402 contro-

1100 1435 1311 1519 versiarum,
1328 1451 1580 1526 congruentem
1597 1433 1812 1524 Evangelio,
1827 1436 2018 1506 inclinatus
2033 1435 2088 1520 sit,

1098 1537 1251 1629 denique
1275 1538 1379 1629 quale
1400 1539 1589 1608 concilium
1613 1538 1852 1607 celebraturus
1870 1539 1934 1620 sit,
1961 1537 2088 1607 videli-

1098 1651 1167 1722 cet,
1198 1651 1237 1708 ut
1259 1637 1446 1732 Synodus‚
1474 1652 1645 1734 quantum
1674 1639 1806 1730 inipso
1839 1653 1910 1724 est,
1943 1640 1972 1708 si
1996 1641 2027 1708 ei
2053 1651 2088 1710 et

1097 1740 1165 1832 ipsi
1188 1734 1463 1810 adhaerentibus
1486 1737 1748 1831 promitteretur
1769 1767 1788 1811 a
1810 1739 1974 1827 Caesare,
2007 1763 2088 1832 per-

1096 1843 1234 1910 mittere
1251 1867 1339 1934 quae
1362 1843 1571 1928 moliantur,
1594 1867 1667 1912 non
1689 1846 1732 1912 ad
1751 1867 1911 1916 normam
1926 1841 2089 1932 Evange-

1096 1943 1136 2011 lii
1153 1947 1215 2011 sed
1238 1946 1283 2012 ad
1304 1967 1403 2014 suam
1419 1947 1637 2015 voluntatem
1660 1941 1930 2039 congrueret⁶)‚
1955 1969 2020 2014 nec
2041 1945 2088 2014 li-

1095 2047 1178 2114 bera
1203 2059 1236 2114 et
1251 2070 1360 2138 aequa
1377 2049 1437 2115 sed
1453 2071 1596 2139 prorsus
1612 2048 1772 2138 partialis
1786 2062 1891 2132 esset,
1917 2047 2006 2116 sicut
2020 2071 2085 2118 ans

1095 2161 1150 2217 tea
1172 2171 1274 2238 saepe
1296 2171 1371 2216 rem
1395 2173 1436 2219 eo
1459 2151 1631 2220 deducere
1651 2162 1798 2218 conatus
1821 2163 1889 2229 est,
1915 2163 1956 2218 ut
1970 2150 2087 2217 lucem

1094 2249 1224 2339 fugiat,
1250 2274 1330 2318 cum
1346 2251 1490 2343 quidem
1507 2268 1540 2322 et
1555 2249 1719 2320 Pontifici
1734 2252 1921 2342 praecipue
1940 2263 2086 2340 propter

1095 2352 1338 2421 auctoritatem
1353 2377 1458 2445 quam
1475 2353 1542 2422 sibi
1557 2352 1681 2436 sumit,
1701 2366 1735 2422 et
1757 2353 1906 2443 singulis
1921 2348 2083 2422 christia·

1094 2453 1149 2522 uis
1174 2467 1365 2542 competat,
1394 2455 1566 2525 rationem
1588 2454 1670 2522 fidei
1694 2477 1778 2524 suae
1799 2457 1966 2540 reddere,
1994 2455 2086 2524 sicut

1094 2578 1159 2624 nos
1175 2555 1219 2622 ad
1237 2555 1273 2622 id
1289 2555 1519 2626 iustissimum
1542 2555 1697 2625 officium
1719 2557 1922 2626 reddendae
1934 2555 2086 2626 rationis

1094 2657 1138 2725 de
1156 2655 1317 2725 doctrina
1335 2649 1558 2727 ecclesiarum
1574 2671 1777 2727 nostrarum
1799 2661 1955 2729 modeste
1976 2671 2011 2728 et
2027 2658 2086 2748 pie

1094 2779 1232 2847 semper
1253 2759 1468 2844 obtulimus,
1501 2759 1597 2829 etin
1627 2759 1764 2852 aliquot
1788 2761 2022 2830 conventibus
2046 2759 2085 2830 id

1093 2859 1256 2944 fecimus,
1287 2873 1321 2928 et
1343 2857 1459 2942 adhuc
1479 2883 1544 2930 nos
1563 2863 1607 2929 ad
1633 2862 1670 2930 id
1693 2861 1894 2931 faciendum
1911 2886 2028 2931 coram
2044 2859 2083 2934 C.

1093 2958 1146 3032 M.
1158 2957 1200 3034 V.
1217 2983 1256 3028 ac
1272 2962 1419 3032 statibus
1434 2961 1574 3052 imperii
1585 2975 1788 3032 reverenter
1802 2964 2005 3042 offerimus,
2021 2965 2083 3033 de-

1092 3061 1190 3132 lectis
1216 3061 1412 3148 iudicibus,
1445 3060 1561 3132 Deum
1584 3065 1812 3151 timentibus,
1844 3065 1982 3158 aequis,
2008 3087 2084 3134 non

1093 3163 1318 3253 partialibus,
1344 3167 1387 3234 de
1409 3165 1628 3236 consessione
1646 3181 1767 3236 nostra
1782 3164 1960 3258 Augustae
1984 3162 2085 3236 exhi-

1092 3265 1164 3334 bita
1180 3263 1290 3333 firmis
1307 3279 1340 3334 et
1349 3265 1541 3358 perspicuis
1556 3267 1768 3352 testimoniis
1785 3272 1978 3362 scripturae
1996 3293 2083 3360 apo-

1092 3365 1234 3435 stolicae
1251 3369 1382 3438 tuenda
1398 3371 1565 3440 adversus
1579 3369 1712 3463 Papam
1730 3385 1763 3442 et
1777 3371 1957 3443 Praelatos
1973 3371 2006 3440 ei
2020 3373 2084 3442 ad·
2178 3441 2183 3454 .

1091 3461 1284 3542 haerentes.

1191 3568 1261 3640 Sed
1287 3595 1328 3640 ex
1351 3567 1454 3641 Pauli
1469 3571 1651 3645 pontilicis
1675 3575 1805 3666 scripto
1826 3574 1870 3644 ad
1889 3574 1928 3648 C.
1942 3573 1995 3646 M.
2011 3573 2083 3644 Ve-

1089 3684 1195 3741 stram
1228 3671 1266 3738 in
1293 3667 1449 3742 Galliam
1473 3677 1580 3745 misso
1613 3678 1695 3747 satis
1720 3681 1887 3769 adparet,
1927 3703 2008 3748 eum
2032 3677 2083 3746 ita
2164 3733 2172 3746 .

1090 3771 1368 3862 gubernaturum
1384 3799 1457 3844 esse
1477 3779 1687 3863 concilium,
1713 3793 1753 3850 ut
1773 3781 1877 3848 nobis
1901 3793 1935 3850 et
1954 3779 2084 3868 ¹legatis

1090 3873 1220 3942 nostris
1245 3875 1465 3962 absentibus,
1492 3880 1561 3980 ¹qui
1586 3894 1619 3950 et
1641 3882 1898 3951 consessionem
1926 3894 2082 3950 nostram

1090 3975 1185 4067 piam
1198 3977 1306 4061 tueri,
1322 3990 1355 4047 et
1370 3982 1582 4050 contrariam
1598 3983 1707 4074 ipsius
1722 3983 1918 4052 doctrinam
1936 3982 2082 4072 impiam

1090 4078 1237 4147 refutari
1264 4093 1396 4166 essent,
1422 4081 1518 4153 iuxta
1539 4086 1747 4154 mandatum
1763 4083 1883 4154 Pauli:
1909 4083 1946 4154 si
1960 4079 2083 4182 suerit

1089 4173 1231 4249 sedenti
1253 4178 1449 4262 revelatum
1474 4192 1591 4254 taceat
1613 4182 1738 4284 prior,
1763 4185 1838 4278 ipse
1858 4202 1976 4258 tamen
2001 4208 2082 4256 cum

1089 4279 1276 4374 Episcopis
1304 4296 1338 4352 et
1352 4283 1522 4356 Praelatis
1545 4284 1836 4372 adhaerentrbus,
1864 4289 1924 4381 qui
1946 4287 2082 4378 praeci·

1090 4383 1153 4474 pui
1169 4397 1203 4452 et
1217 4385 1437 4456 infestissimi
1451 4391 1642 4458 adversarii
1656 4403 1755 4474 sunt,
1780 4403 1949 4484 tanquam
1964 4386 2085 4458 hostes

1090 4509 1193 4554 verae
1214 4487 1414 4574 doctrinae,
1439 4490 1546 4560 simul
1564 4493 1650 4561 velit
1675 4506 1792 4561 tamen
1811 4505 1846 4561 et
1860 4492 2085 4561 adversarius

1090 4599 1124 4655 et
1144 4587 1249 4657 iudex
1273 4611 1365 4675 esse,
1391 4592 1436 4659 de
1458 4591 1560 4662 vobis
1581 4608 1615 4664 et
1638 4593 1683 4662 de
1700 4593 1915 4683 gravissimis
1938 4607 2084 4664 contro-

1090 4689 1212 4757 versiis
1238 4705 1360 4761 contra
1384 4693 1504 4762 omnia
1529 4694 1669 4780 divina,
1683 4695 1874 4764 'naturalia
1898 4709 1932 4765 et
1952 4696 2081 4785 scripta

1090 4789 1187 4874 iura,
1213 4804 1248 4860 et
1262 4806 1384 4863 eontra
1399 4819 1623 4865 communem
1643 4819 1803 4876 sensum,
1829 4821 1909 4866 eum
1934 4797 2081 4890 quidem

1090 4905 1122 4961 et
1136 4891 1322 4966 Pontificio
1343 4895 1441 4982 iura,
1465 4897 1693 4991 quantumvis
1713 4898 1930 4992 pontificiam
1952 4893 2083 4969 autho·

1122 5181 1148 5250 4)
1167 5182 1205 5234 n'e
1221 5183 1395 5238 scribendum
1414 5185 1522 5242 luisset.

1122 5270 1149 5338 5)
1170 5268 1289 5351 Epistola
1306 5271 1445 5328 pontificis
1457 5274 1490 5327 ad
1506 5274 1638 5332 carolum
1651 5275 1714 5332 data
1725 5276 1754 5331 8.
1766 5273 1881 5332 Caleud.
1893 5275 1989 5350 sepas.
2016 5275 2082 5333 vid.

1156 5337 1275 5392 Sleidaur
1291 5353 1438 5396 comment.
1452 5361 1480 5414 p.
1490 5345 1541 5398 451
1553 5365 1594 5417 sq.

1039 5463 1043 5470 .
1121 5424 1149 5494 fi)
1166 5424 1307 5496 Descripsi
1327 5437 1357 5480 ut
1374 5427 1522 5499 leguntur,
1533 5434 1579 5486 sed
1600 5433 1731 5490 mendosa
1746 5432 1885 5492 ridentur.
