4722 5808
11 407 52 559 l}
113 460 324 538 saccos.
443 489 444 494 κ
536 509 540 518 .

9 557 43 588 ,..

9 625 50 690 ;.t·.'.

109 291 186 368 869

954 457 1010 518 18.
1025 447 1098 512 Oot‘.

943 539 1103 570 Μ

395 657 456 744 Α.
485 651 822 740 Lanterbacbio.

182 833 260 904 †Ex
278 849 373 904 apogr.
391 828 455 886 eod.
474 826 562 881 Goth.
583 824 642 878 190.
661 841 690 896 p·
706 821 765 876 116.

8 957 51 1088 ἒξ
113 985 208 1060 Dm.
235 981 440 1056 Antonio
465 966 792 1060 Lautcrbach,
816 965 969 1040 Pastori
989 965 1108 1042 eccles.

14 1175 47 1214 q..

9 1248 48 1292 tt?

530 1073 698 1150 Pirnens.

114 1207 162 1300 S.
188 1225 234 1298 D.
277 1217 487 1289 venerande
502 1212 656 1286 Domine
671 1208 821 1280 Antoni.
857 1204 935 1296 Ago
949 1203 1015 1274 tibi
1029 1225 1108 1292 gra-

8 1365 45 1396 c..
115 1331 183 1402 tias
207 1341 242 1398 et
261 1319 531 1394 honestissimae
554 1313 698 1401 coniugi
721 1327 819 1395 tuae,
844 1323 878 1378 et
899 1307 1028 1376 debere
1051 1327 1108 1372 me

115 1432 219 1502 vobis
241 1426 390 1518 gratiam
411 1443 559 1512 agnosco
576 1430 611 1486 et
625 1416 754 1493 fateor,
781 1412 877 1505 quod
894 1423 967 1478 tam
983 1430 1107 1476 aman-

114 1549 172 1605 ter
194 1534 237 1600 de
255 1529 348 1598 filiae
363 1547 462 1593 meae
486 1517 689 1590 valetudine
712 1511 858 1584 solliciti
883 1511 974 1582 estis.
1025 1505 1108 1577 Non

116 1634 249 1708 erravit
272 1643 392 1699 noster
415 1619 621 1712 chirurgus,
654 1618 716 1712 qui
744 1630 820 1686 turn
850 1609 1109 1704 pronunciavit,

115 1733 340 1807 llurum'csse
356 1728 432 1796 sine
453 1723 644 1795 lunatione.
695 1717 768 1788 Nec
789 1729 907 1785 tamen
929 1734 1014 1783 usus
1031 1733 1109 1779 sum

8 1841 35 1887 ··'²
116 1839 163 1908 iis
180 1831 389 1925 emplastris,
414 1819 610 1922 quaemihi
626 1831 868 1914 apparaverat,
893 1816 954 1884 sed
971 1813 1108 1905 puellae

117 1941 187 2010 sub
202 1932 361 2004 humeris
381 1928 500 2020 erupit
514 1927 641 1996 fluxus.
699 1919 750 1990 lta
767 1919 871 1988 desiit
887 1915 1109 2007 scapularum

115 2056 252 2112 tumor.
301 2034 382 2106 Scio
408 2057 428 2100 a
445 2027 596 2122 pueritia
614 2021 831 2117 periculosos
853 2019 969 2088 fluxus
988 2012 1110 2106 capitis

22 2186 34 2232 κ,
117 2139 299 2212 habuisse.
348 2133 446 2204 Deus
462 2155 539 2200 eam
558 2141 592 2198 et
605 2149 671 2196 nos
687 2145 808 2193 omnes
824 2131 933 2210 regat·

222 2273 279 2345 De
300 2271 395 2342 bello
419 2287 520 2356 spero
544 2283 641 2330 nunc
665 2255 809 2350 quidem
838 2250 970 2320 exitum
1001 2244 1112 2336 placi-

119 2385 209 2452 dum
233 2388 267 2444 et
288 2396 364 2442 non
386 2367 571 2438 exitiosum
595 2356 652 2428 his
673 2354 877 2446 regionibus
899 2364 933 2420 et
958 2346 1112 2417 ecclesiis

120 2481 252 2554 harum
273 2474 481 2564 regionum,
507 2477 542 2534 et
566 2486 629 2532 oro
642 2458 779 2537 Deum,
804 2469 847 2524 ut
868 2450 1028 2522 ccclesias
1047 2471 1113 2514 no-

121 2599 223 2664 stras,
249 2578 288 2646 in
307 2574 438 2670 quibus
455 2578 548 2637 certe
566 2575 668 2634 sonat
682 2583 751 2628 vox
764 2554 962 2644 Evangelii,
988 2560 1112 2618 servet.

7 2707 30 2778 a,
122 2681 160 2758 A
173 2681 303 2777 quibus
318 2675 505 2746 adiuvetur
517 2658 674 2760 Lycaon
688 2650 988 2731 Brnnswiccnsis
1002 2649 1113 2719 multa

7 2773 9 2782 ¹
123 2785 277 2856 scribere
306 2797 461 2870 possem3
501 2770 562 2837 sed
596 2779 734 2856 tempus
765 2757 885 2828 omnia
921 2751 1115 2847 patefaciet.

6 2959 8 2964 .
124 2883 254 2960 Arcem
270 2871 465 2976 Lupina'm
485 2865 682 2940 hisdiebus
703 2857 940 2954 oppugnavit,
964 2855 1025 2924 sed
1038 2853 1115 2922 iru-

6 2979 21 3072 f³
125 3003 208 3060 stra.
258 2981 307 3053 Et
324 2975 459 3070 repulsi
477 2983 562 3042 sunt
577 2981 611 3037 et
632 2963 808 3037 interlecti
828 2960 964 3051 aliquot
985 2954 1115 3023 milites

15 3082 23 3120 ⁵
125 3092 221 3160 inter
240 3078 531 3175 oppugnandum.
583 3064 703 3139 Audio
726 3063 927 3154 principum
944 3057 1062 3146 copias
1083 3065 1118 3121 et

6 3189 22 3227 ‘²
124 3191 262 3263 Ducem
275 3173 624 3270 Landgraviumiam
643 3159 931 3254 csseGolongac,
953 3159 1016 3228 ubi
1032 3179 1117 3224 con-

6 3289 20 3330 “”
119 3289 243 3366 ‚iuncti
258 3283 427 3356 exercitus
443 3279 611 3346 adversus
625 3271 825 3366 Lycaonem
840 3273 997 3354 pergent.
1019 3256 1117 3328 Deus

6 3391 19 3432 ²
127 3407 292 3466 aeternus
318 3399 416 3477 pater
438 3376 577 3448 domini
598 3373 713 3442 nostri
735 3367 815 3437 lesu
839 3361 926 3437 Chr.
948 3359 1118 3452 reprimat

127 3488 353 3585 Lycaonem.
404 3477 536 3569 Magna
558 3489 649 3544 certe
668 3498 724 3542 res
746 3479 924 3558 agetur‚et
944 3463 1119 3531 dimican-

6 3593 15 3632 ⁵
128 3599 215 3667 dum
231 3604 281 3660 est
296 3593 339 3660 de
356 3579 484 3653 harum
499 3576 657 3669 gentium
675 3575 797 3646 salute.
843 3565 939 3636 Bene
958 3578 991 3633 et
1005 3559 1119 3632 felici-

6 3704 14 3735 *
128 3713 185 3770 ter
203 3694 290 3764 vale.
339 3687 408 3758 Die
423 3683 550 3754 Lucae.

921 3765 960 3836 P.
981 3761 1036 3836 M.

992 3990 1123 4003 u---a-o-

6 4011 10 4040 ξ
130 4005 605 4038 Μ*

129 4165 322 4294 Q,

967 4151 1023 4218 18.
1039 4141 1109 4206 Oct.

953 4233 1124 4260 Μ

496 4351 555 4436 M.
587 4345 765 4435 Collina.

203 4543 224 4606 †
242 4536 278 4590 Er
296 4549 390 4606 apogr.
407 4529 436 4583 in
455 4525 520 4583 eod.
539 4524 625 4580 Paris.
646 4524 683 4576 D.
698 4521 731 4576 1..
749 4518 813 4598 φ’.

133 4687 332 4788 Magistro
358 4672 576 4847 Matthelp
602 4667 818 4791 Collina,
853 4667 893 4742 in
923 4658 1123 4734 Academia

571 4799 731 4870 tagensi.

132 4912 180 5004 S·
200 4925 246 5000 D.
298 4917 487 4995 Carissime
501 4912 654 4984 Colline.
703 4904 784 4978 Etsi
800 4929 875 4974 non
891 4902 1034 4974 abundo
1050 4899 1123 4970 otio

134 5031 207 5121 legi
220 5044 340 5100 tamen
356 5034 467 5092 totam
479 5011 522 5088 V
517 5010 564 5082 in*
570 5007 611 5110 ⁴¹)
629 5009 919 5083 declamationem
935 5005 993 5074 vel
1007 5003 1125 5096 potius

136 5128 440 5207 criminationem,
465 5119 505 5189 in
526 5140 595 5211 qua
620 5112 809 5204 gloriatur,
834 5131 871 5220 se
893 5106 1005 5176 civem
1028 5128 1125 5174 nunc

138 5323 333 5344 ‘ua——

171 5449 201 5521 *l
218 5445 276 5501 Viti
294 5435 478 5501 Amerbacbii.

688 267 1128 350 EPISTOLARUM
1186 269 1296 345 LlB.
1329 269 1394 346 tx.
1447 265 1578 342 1645.

2080 271 2156 345 870

1160 463 1234 510 esse
1247 437 1424 510 Ecclesiae
1438 436 1525 524 Dei,
1550 463 1616 510 nos
1633 463 1716 509 vero
1734 441 1881 512 damnat
1903 455 2072 538 tanquam
2088 447 2152 516 de-

1157 555 1345 658 sertores3·
1360 541 1486 610 omitto
1511 542 1605 610 enim
1627 566 1716 634 quae
1736 541 1780 612 de
1806 545 2032 634 dogmatibus
2051 547 2149 634 dicit,

1158 667 1238 712 cum
1253 667 1317 711 nec
1334 663 1409 733 ipse
1424 655 1561 724 narret,
1586 646 1681 736 quod
1700 646 1827 734 dogma
1842 646 2027 736 improbet.
2065 647 2148 718 Non

1157 745 1272 814 solum
1288 744 1508 812 adversarios
1529 746 1636 813 audio
1653 758 1705 815 tot
1725 746 1796 814 iam
1815 767 1928 817 annos
1949 749 2147 830 vociferari,

1157 869 1223 915 nos
1254 847 1449 914 desertores
1477 867 1567 930 esse,
1601 848 1660 914 sed
1685 847 1883 937 saepissime
1910 850 2146 940 ipsemecum

1158 933 1316 1038 disp6to:
1339 969 1467 1015 verene
1483 942 1551 1016 hoc
1566 947 1699 1016 crimen
1715 949 1819 1019 nobis
1836 951 2035 1023 obiiciatur.
2072 949 2147 1021 Ita-

1157 1073 1225 1143 que
1252 1072 1331 1166 cqm
1356 1042 1446 1116 milti
1471 1073 1548 1117 mea
1573 1048 1736 1118 voluntas
1759 1073 1839 1140 erga
1862 1047 2057 1121 Ecclesiam
2077 1050 2147 1124 Dei

1156 1164 1240 1268 nota
1259 1165 1322 1234 stt,
1348 1162 1383 1218 et
1405 1149 1531 1234 sciam,
1555 1173 1612 1218 me
1633 1174 1688 1218 res
1703 1151 1863 1221 difficiles
1880 1177 1921 1221 ex
1937 1176 2063 1243 magna
2087 1179 2146 1224 ca-

1156 1254 1264 1342 ligine
1293 1251 1573 1340 disputationum
1596 1253 1819 1324 mediocriter
1847 1255 2038 1340 evolvisse,
2070 1279 2145 1325 non

1157 1354 1293 1438 dubito,
1317 1377 1374 1420 me
1388 1377 1490 1422 verae
1505 1365 1539 1422 et
1554 1347 1744 1423 catholicae
1756 1351 1934 1424 Ecclesiae
1951 1353 2018 1424 Dei
2032 1357 2145 1427 civem

1157 1480 1241 1526 esse.
1298 1453 1380 1524 Non
1403 1456 1499 1522 enim
1523 1454 1653 1524 desinit
1680 1455 1767 1523 civis
1789 1452 2011 1551 Ecclesiae²)
2036 1451 2145 1528 homo

1157 1571 1250 1626 recte
1273 1556 1442 1624 invocans
1470 1553 1604 1639 Deum,
1636 1555 1773 1625 etiamsi
1798 1559 1927 1648 probat
1956 1581 2061 1629 usum
2087 1559 2145 1628 in·
2261 1617 2264 1622 .

1158 1673 1274 1748 tegrae
1299 1679 1426 1725 coenae
1450 1655 1666 1739 dominicae,
1698 1657 1902 1748 coniugium
1924 1661 2145 1730 sacerdotum

1158 1775 1193 1832 et
1221 1757 1500 1827 emendationem
1530 1759 1704 1826 abusuum
1734 1762 1799 1851 τῆς
1823 1756 2071 1858 λειτουργίας,
2105 1773 2147 1832 ut

1159 1859 1287 1930 Graeci
1304 1872 1441 1932 vocant.
1490 1859 1550 1927 An
1567 1857 1596 1926 si
1612 1858 1682 1925 iam
1697 1875 1919 1950 resurgerent
1933 1861 2146 1932 Ambrosius

1158 1977 1193 2032 et
1209 1956 1445 2049 Augustinus,
1470 1983 1509 2026 ac
1525 1959 1687 2028 viderent
1711 1975 1856 2051 propter
1871 1956 1935 2032 has
1946 1986 2066 2033 causas
2080 1985 2147 2033 nos

1159 2061 1338 2145 damnari,
1363 2060 1542 2130 laudaturi
1566 2071 1680 2128 essent
1704 2054 1796 2130 hanc
1817 2063 1996 2132 saevitiam
2020 2062 2147 2132 Ponti-

1159 2163 1287 2232 ficum?
1339 2159 1414 2232 Imo
1431 2161 1462 2230 si
1479 2161 1640 2230 viderent
1655 2175 1794 2230 nostros
1810 2162 1973 2244 interfici,
1998 2165 2148 2234 damna-

1159 2279 1239 2335 rent
1253 2262 1459 2332 Pontificem
1477 2275 1645 2354 tanquam
1664 2263 1888 2354 parricidam.
1937 2262 2019 2333 Non
2034 2265 2149 2334 titulis

1161 2367 1221 2437 sed
1237 2366 1343 2434 rebus
1365 2364 1594 2432 iudicandum
1612 2364 1742 2457 estqui
1759 2364 1830 2433 sint
1852 2365 1944 2434 cives
1959 2360 2148 2440 Ecclesiae.

1162 2465 1332 2556 Quaesivi
1352 2466 1533 2534 doctrinae
1554 2465 1760 2554 puritatem,
1786 2478 1820 2538 et
1842 2466 2009 2548 adfirmo,
2037 2469 2149 2538 multa

1161 2581 1255 2636 recte
1272 2567 1410 2636 anobis
1426 2566 1594 2657 explicata
1610 2589 1693 2650 esse,
1716 2589 1806 2658 quae
1822 2590 1896 2636 non
1911 2581 2004 2638 recte
2020 2569 2149 2638 tradita

1161 2671 1307 2740 fuerunt
1323 2692 1342 2736 a
1359 2663 1548 2736 Monachis
1562 2681 1596 2736 et
1612 2664 1825 2740 Canonistis.
1863 2667 1935 2738 Nec
1950 2669 2056 2739 initio
2070 2681 2151 2739 tan-

1163 2786 1221 2842 tus
1248 2771 1371 2839 suisset
1399 2771 1582 2839 doctorum
1612 2768 1849 2857 plurimorum
1873 2783 1908 2839 et
1937 2770 2150 2860 sapientium

1164 2871 1353 2962 adplausus
1374 2883 1468 2939 mota
1491 2869 1729 2961 disputatione
1753 2871 1797 2940 de
1820 2870 2055 2961 poenitentia,
2080 2871 2153 2940 nisi

1164 2974 1292 3043 rectius
1308 2971 1399 3041 tradi
1414 2972 1587 3064 quaedam
1601 2970 1886 3040 animadversum
1902 2985 2001 3045 esset.
2038 2967 2152 3042 Vitas

1165 3099 1229 3144 nec
1245 3073 1329 3162 legit
1342 3096 1406 3140 nec
1422 3071 1587 3160 intelligit
1600 3072 1870 3141 commentarios
1885 3071 1983 3143 Scoti
1999 3085 2034 3142 et
2053 3073 2153 3144 simi·

1165 3177 1272 3260 lium;
1298 3198 1394 3244 nunc
1407 3196 1443 3242 se
1456 3174 1641 3264 utriusque
1656 3173 1766 3263 partis
1782 3173 1933 3244 iudicem
1954 3175 2056 3258 facit,
2087 3197 2153 3245 nec

1166 3277 1308 3368 exponit
1329 3289 1448 3344 tamon
1464 3287 1576 3344 totum
1593 3275 1775 3346 doctrinae
1790 3297 1871 3344 suae
1888 3297 2008 3363 genus,
2035 3288 2075 3345 ut
2089 3299 2153 3365 ego

1166 3379 1244 3450 leci.
1296 3372 1474 3446 Ostendat
1493 3377 1537 3444 de
1559 3375 1708 3464 singulis
1729 3374 1884 3446 articulis
1905 3376 1992 3468 quid
2016 3377 2155 3466 probet,

1168 3479 1253 3574 quid
1270 3502 1345 3547 non
1358 3478 1494 3568 probet.
1546 3475 1704 3546 Tantum
1721 3475 1895 3560 clamitat,
1921 3499 1957 3546 se
1971 3477 2071 3570 sequi
2083 3473 2155 3546 Ec-

1169 3581 1321 3651 clesiam.
1373 3577 1598 3647 Facillimum
1624 3590 1694 3661 est,
1728 3571 1836 3646 huius
1857 3577 1954 3646 tituli
1975 3577 2156 3648 maiestate

1170 3681 1416 3752 commendare
1434 3701 1470 3746 se
1488 3677 1639 3768 populo,
1664 3679 1723 3745 sed
1748 3701 1822 3745 non
1838 3689 1889 3746 est
1903 3677 2084 3747 vocabulis
2098 3679 2155 3748 iu-

1170 3782 1379 3860 dicandum,
1412 3779 1474 3871 qui
1495 3779 1566 3848 sint
1583 3777 1678 3846 cives
1698 3773 1887 3852 Ecclesiae.
1940 3777 2156 3859 Videndum,

1171 3884 1234 3978 qui
1260 3882 1332 3951 sint
1355 3877 1564 3972 Epicuraei,
1605 3879 1667 3972 qni
1693 3880 1889 3969 parricidae
1914 3879 2156 3950 membrorum

1171 3983 1360 4056 Ecclesiae.
1417 3980 1563 4068 lingat,
1589 4003 1645 4047 me
1660 4003 1776 4049 errare
1793 3981 1831 4048 in
1847 3980 2025 4072 aliquibus
2042 3982 2159 4066 rebus,

1171 4100 1212 4156 ut
1226 4098 1310 4153 sunt
1324 4083 1456 4151 multae
1470 4077 1657 4150 hominurn
1677 4081 1949 4152 imbecillitates:
1973 4080 2092 4152 minus
2106 4095 2159 4151 ta·

1170 4209 1252 4255 men
1269 4209 1388 4276 pecco,
1413 4207 1518 4276 quam
1534 4181 1564 4250 si
1579 4181 1767 4272 parricidia
1783 4183 2044 4267 confirmarem,
2070 4205 2159 4276 quae

1172 4301 1333 4357 exercent
1356 4299 1477 4354 contra
1503 4305 1569 4351 nos
1590 4283 1664 4368 illi,
1699 4307 1851 4376 quorum
1880 4281 1992 4352 ambit
2020 4284 2159 4352 favores

1171 4391 1257 4480 ipse.
1309 4385 1379 4457 Sed
1400 4409 1465 4454 nec
1487 4407 1549 4473 ego
1570 4384 1672 4474 plura
1696 4407 1792 4453 nunc
1811 4383 2104 4476 disputabo„nec
2125 4398 2161 4456 te

1172 4491 1280 4558 velim
1304 4511 1384 4557 curn
1406 4511 1446 4556 eo
1469 4485 1591 4554 rixari.
1647 4481 1821 4555 Curemus
1842 4497 1884 4555 ut
1908 4484 2159 4556 conscientiam

1171 4605 1327 4661 nostram
1342 4587 1556 4670 erudiamus,
1575 4586 1637 4680 qui
1651 4598 1686 4655 et
1701 4586 1764 4656 ubi
1779 4585 1850 4657 sint
1863 4581 2041 4656 Ecclesiae
2058 4586 2162 4672 cives,

1171 4693 1304 4762 scilicet
1321 4689 1523 4783 quicunque
1541 4699 1575 4757 et
1589 4686 1794 4781 ubicunque
1813 4687 2004 4757 sententias
2019 4711 2120 4758 veras
2131 4684 2163 4781 ²)

1172 4819 1191 4864 a
1207 4791 1283 4862 Deo
1297 4792 1442 4861 traditas
1463 4789 1741 4880 amplectuntur,
1768 4803 1803 4860 et
1814 4785 1930 4858 Deum
1946 4801 2039 4858 recte
2056 4789 2173 4878 inno„

1173 4908 1264 4979 cant,
1289 4891 1426 4963 etiamsi
1442 4914 1516 4959 non
1533 4889 1795 4980 amplectuntur
1811 4889 2018 4959 traditiones
2034 4884 2162 4960 buma-

1172 5019 1236 5065 nas
1269 5008 1305 5065 et
1336 4993 1485 5062 iniustas
1509 4977 1789 5082 Episcopomm.
1839 4987 1994 5060 Narrant
2021 4987 2162 5078 Graeci,

1177 5193 1391 5210 n*

1211 5329 1242 5396 l)
1262 5323 1441 5380 Desideratur
1459 5337 1530 5378 esse·

1213 5425 1242 5497 2)
1262 5439 1345 5479 ueras
1364 5418 1489 5494 ascripsi
1509 5437 1561 5490 pro
1582 5435 1676 5484 mear,
1698 5417 1773 5493 qaod
1791 5427 1832 5474 est
1853 5417 1882 5474 in
1900 5419 2065 5494 apographo.

1484 5487 1570 5570 55⁴
