4654 5804
57 220 135 303 ses
432 228 439 242 ’
572 201 581 210 ’
646 225 1087 326 nershon'attu'u
1119 232 1336 375 ‘Ltsse'ttn
1389 257 1523 337 1544.
2030 263 2107 340 554

58 423 131 472 sese
156 403 286 479 malas.
335 404 580 484 Elevationem
606 429 724 488 autem
749 422 930 494 noluimus
949 425 1061 495 abro-
1113 427 1226 498 valete
1260 429 1298 498 in
1320 427 1463 502 Christo
1492 431 1569 503 lesu'
1600 433 1746 504 domino
1769 445 1903 506 nostro.
1971 431 2104 508 Datum

57 527 140 592 gare
164 521 315 598 propter
338 509 657 606 Sacramentarios,
683 522 746 615 qui
767 517 877 616 impie
901 527 1060 599 sentiunt
1110 527 1246 600 Cibinii
1264 530 1636 628 Transsylvaniaeil.
1652 534 1858 608 Decembris
1878 532 1989 612 1544.
2054 563 2061 570 ·

58 607 102 675 de
120 626 365 726 aspramente,
379 614 543 689 videlicet
558 644 634 690 non
649 625 767 694 adesse
782 622 965 698 Christum
980 653 1059 699 cor-
1309 631 1482 706 Matthias
1505 635 1700 732 Ramessy,
1727 637 1892 711 Decanus

56 709 247 798 poralrter.
305 709 477 834 Imagines
507 737 608 802 vero,
652 737 821 820 tanquam
856 731 1057 820 opusartis
1234 733 1237 738 ’
1314 749 1347 804 et
1374 727 1502 832 reliqui
1520 738 1726 810 Sacerdotes
1747 742 1906 812 eiusdem
1921 738 2100 812 districtus

56 831 121 900 per
164 833 204 880 se
243 835 422 885 uernmem
464 821 665 912 offendens,
706 829 952 920 permisimus,
995 845 1056 906 aut
1308 833 1491 908 Cibinenii
1506 867 1539 914 v.
1558 843 1592 913 d.
1608 843 1830 918 deditissimi.

56 924 235 1030 tanquam
273 921 520 994 mnemosinon
547 949 666 997 rerum
706 945 891 1019 gestarum.
957 933 1053 1003 Tum
1207 933 1401 1026 Rogamus,
1416 955 1456 1012 ut
1471 967 1572 1012 orare
1588 944 1704 1014 velitis
1718 970 1783 1035 pro
1798 945 1920 1032 nobis,
1935 955 1969 1014 et
1984 943 2098 1012 eccle-

56 1015 266 1133 etramu'deo
288 1037 362 1087 non
383 1024 609 1112 sustulimus,
635 1053 681 1098 ne
703 1032 908 1104 videremur
930 1036 1057 1105 icono-·
1156 1037 1225 1107 sias
1243 1051 1380 1110 nostras
1407 1037 1584 1139 [ecclesiis
1600 1044 1750 1146 n9stris]
1772 1061 1813 1116 ut
1835 1046 1932 1118 Deus
1953 1067 2096 1114 conser-

52 1111 238 1232 'machram
260 1143 427 1210 quaerere
455 1137 488 1194 et
513 1149 587 1198 non
607 1155 727 1201 veram
751 1135 936 1224 pietatem,
962 1138 1053 1207 sicut
1153 1163 1236 1209 vare
1260 1142 1344 1210 velit
1366 1169 1431 1213 rios
1455 1169 1473 1213 a
1495 1147 1614 1216 surore
1638 1147 1810 1234 Turcico‚
1834 1150 1897 1244 qui
1920 1169 2000 1240 pars
2022 1167 2095 1216 una

56 1219 136 1286 lecit
160 1206 437 1293 Carolstadius'
456 1239 490 1296 et
513 1230 624 1323 aliqui
647 1229 919 1312 Schwaermeri.
977 1235 1053 1308 Has
1110 1237 1268 1312 'adhuc
1283 1245 1416 1316 residui
1441 1269 1563 1316 sumus
1582 1249 1625 1318 ab
1645 1246 1842 1341 Hungaria.
1894 1247 2095 1321 Orabimus

56 1331 174 1388 autem
201 1323 293 1390 duas
315 1347 371 1393 res
393 1341 522 1400 vocant
544 1335 745 1406 turbatores
764 1339 878 1410 nostri
899 1341 1050 1409 manile·
1153 1358 1186 1415 et
1206 1370 1271 1436 pro
1289 1347 1391 1417 vobis
1407 1349 1608 1440 diligenter.

57 1431 144 1490 stam
164 1421 443 1514 idolomaniam,
469 1431 505 1500 id
533 1438 630 1527 quod
652 1461 717 1507 nos
741 1463 760 1507 a
782 1441 909 1530 pietate
933 1456 1049 1512 vestra

56 1545 245 1614 nunquam
271 1527 477 1616 didicimus,
513 1558 577 1606 nec
603 1539 803 1630 inscriptis
827 1544 950 1612 vestris
978 1567 1049 1613 un-

57 1647 160 1716 quam
182 1626 360 1714 vidr'mns,
386 1634 446 1702 sed
461 1659 526 1705 nec
542 1663 608 1708 nos
625 1665 664 1708 ea
682 1641 730 1710 ita
743 1643 940 1734 intelligere
964 1670 1047 1738 pos-
1115 1633 1314 1709 Nosses.
1712 1663 1720 1672 '
1936 1643 2083 1766 Q·

54 1747 187 1800 sumus.
249 1727 423 1820 Demum,
461 1742 557 1829 quod
585 1743 746 1812 omnium
776 1747 1046 1834 maximumest,
1104 1731 1316 1772 Μ
1372 1787 1523 1875 104ch
1561 1785 1808 1874 camerario

56 1843 235 1898 conantur
265 1834 403 1904 auferre
433 1853 475 1906 ex
502 1841 655 1912 ecclesiis
689 1842 755 1913 Dei
784 1849 1043 1918 absolutionem
1809 1848 1821 1874 ⁰

55 1929 249 2020 privatam,
279 1937 377 2027 quod
402 1961 477 2008 em
501 1936 598 2014 Deus
621 1946 722 2016 nullo
751 1948 830 2018 1000
851 1951 1045 2042 scriptume
1163 1927 1247 1999 Epist.
1267 1929 1300 1984 ad
1319 1928 1501 2006 Camerenp.
1522 1925 1712 2002 49Ssqq.(ed.
1732 1930 1824 1990 Lond.
1843 1929 1892 1988 Ν.
1911 1949 1953 2004 ep.
1971 1931 2057 2004 6520.

57 2033 291 2108 mandaverit.
327 2034 425 2128 Ergo
443 2041 583 2117 deceret
596 2047 675 2118 tolli
694 2059 727 2118 et
744 2063 882 2121 tantum
899 2075 1046 2140 genera·
1095 2045 1321 2122 Clarissimo
1338 2053 1435 2142 viro,
1463 2051 1665 2130 eruditione
1682 2065 1713 2126 et
1731 2056 1861 2128 uirtute
1879 2055 2094 2154 praestanti

56 2131 96 2199 lis
117 2135 299 2205 absolutio
325 2145 537 2220 conservari.
596 2146 704 2236 Quod
734 2153 837 2222 nobis
869 2153 1046 2225 alienissi-
1096 2149 1253 2231 Iooeh.
1276 2147 1589 2228 Commerario
1608 2153 1852 2254 Pubergensi‚
1877 2157 1997 2230 antico
2021 2183 2091 2230 suu

57 2255 150 2302 mum
187 2249 225 2305 et
254 2239 547 2315 absurdissimum
576 2263 639 2322 est.
704 2249 795 2322 Nam
828 2271 1045 2328 sacramenta
1523 2258 1652 2334 eariss.

57 2329 238 2418 Cluistus,
266 2343 432 2412 dominus
448 2364 585 2433 noster,
611 2353 760 2424 tradidit
773 2357 938 2426 ecclesiae
952 2381 1045 2444 suae,

59 2438 221 2506 omnibus
235 2453 271 2508 et
289 2442 437 2532 singulis
454 2450 679 2540 applicanda,
706 2468 746 2524 ut
769 2473 897 2528 sonant
919 2461 1044 2530 verba:

59 2558 206 2629 quorum
237 2541 450 2615 remiseritis
471 2563 535 2625 etc.
591 2545 808 2653 Quicunque
834 2556 1046 2657 baptisatus

53 2635 163 2733 suerit
189 2655 256 2714 etc.
305 2641 401 2716 Haec
423 2664 474 2720 est
494 2653 671 2746 institutio
695 2660 853 2744 domini,
885 2657 971 2732 baec
993 2677 1046 2733 est

59 2742 212 2812 doctrina
229 2757 359 2831 vestra,
383 2743 451 2820 boe
462 2770 593 2826 sonant
605 2757 692 2828 editi
705 2759 792 2828 libri
807 2763 931 2831 vestri:
958 2789 1044 2834 con-

57 2840 171 2926 fessio,
208 2845 281 2914 loci
311 2871 534 2940 communes,
568 2883 691 2928 ornnes
721 2857 941 2950 catechismi,
976 2879 1041 2938 etc.

60 2938 268 3037 Quanquam
292 2963 411 3020 autem
428 2969 463 3024 et
478 2979 544 3026 nos
566 2953 652 3030 haec
673 2963 792 3031 omnia
808 2965 904 3036 huno
922 2981 956 3036 et
971 2968 1042 3036 sal·-

57 3065 96 3108 vo
113 3045 246 3115 iudicio
266 3071 445 3138 possemus
456 3057 663 3145 diiudicare,
689 3076 728 3132 ut
742 3079 867 3135 neutra
886 3067 924 3135 in
941 3082 1041 3158 parte

59 3160 139 3214 esset
166 3149 338 3235 ollensio,
375 3167 492 3226 tamen
522 3161 605 3252 quia
635 3181 903 3236 commoverunt
931 3181 1041 3239 totam

57 3247 172 3315 urbem
190 3237 404 3341 Cibineum,
429 3273 463 3329 et
484 3259 599 3351 ipsum
620 3279 802 3350 senatum,
837 3269 899 3360 qui
918 3293 1041 3342 eorum

58 3345 144 3418 fovet
164 3363 321 3440 partem,
353 3369 388 3427 et
411 3359 483 3430 sere
506 3364 695 3434 metuimus
717 3367 871 3460 aliquem
900 3393 1040 3460 gravem

59 3451 261 3562 tumultum:
320 3456 439 3551 itaque
475 3461 698 3536 obsecranms
736 3465 1040 3543 vehementissime

60 3565 213 3664 pietatem
224 3568 394 3639 vestram,
415 3575 473 3641 ut,
490 3565 576 3632 dum
591 3589 655 3635 vos
671 3584 913 3660 praeceptores
930 3595 1040 3662 agno-

60 3659 197 3761 scimus,
226 3669 377 3726 vestram
392 3663 573 3734 ecelesiam
590 3681 631 3736 ut
645 3691 813 3740 veramac
829 3668 1039 3742 catholicam

59 3751 252 3842 imitamur,
285 3758 372 3830 velit
397 3764 440 3831 ad
462 3787 526 3834 uos
548 3771 641 3838 etad
662 3784 823 3840 senatum
846 3762 1039 3843 Cibiaeum

59 3849 133 3964 dure
161 3855 283 3934 literas
308 3875 458 3948 vestras,
500 3867 631 3958 quibus
651 3873 825 3942 admoniti
850 3888 885 3944 et
908 3877 1039 3945 eruditi

60 3949 185 4066 discant
200 3983 276 4028 non
293 3961 395 4032 lacile
408 3968 575 4054 praebere
593 3991 697 4040 aures
721 3986 757 4044 et
779 3973 939 4066 animum
962 3977 1039 4046 cui-

60 4073 122 4138 ns,
153 4062 355 4150 quostiam
381 4066 536 4156 dignitas
560 4085 767 4143 vocatorum
791 4075 1041 4148 ministrorum

60 4155 270 4229 ecclesiarum
289 4187 493 4254 permanere
508 4171 637 4260 possit,
664 4186 698 4244 et
720 4189 761 4244 ut
783 4177 974 4250 audiantur
998 4180 1037 4250 in

60 4252 175 4326 talibus
190 4267 439 4334 controversiis
457 4291 523 4358 pro
547 4293 671 4342 eorum
695 4277 887 4346 vocatione.
940 4278 1036 4349 Tum

61 4372 186 4466 qttoque
200 4363 239 4430 in
253 4363 366 4434 literis
388 4369 433 4436 ad
457 4367 628 4441 Senatum
652 4375 791 4463 scriptis
812 4380 965 4450 addatur
978 4381 1037 4450 iu-

61 4451 178 4566 dicium
193 4477 348 4534 vestrum
369 4469 414 4535 de
434 4469 592 4541 articulis
614 4469 670 4544 his
693 4475 806 4546 tribus
826 4471 876 4573 ⁴).
927 4477 1036 4568 Quod

62 4570 86 4616 si
101 4555 260 4649 feceritis,
285 4579 325 4636 ut
341 4581 435 4638 certo
451 4571 682 4661 confidimus,
714 4600 913 4668 speramus,
938 4577 1036 4652 hunc

62 4659 239 4773 tumultum
254 4679 288 4734 et
302 4661 395 4738 hauc
411 4676 1035 4774 controversiamdissensionisposse

63 4761 179 4846 sopiri,
202 4779 243 4836 ut
264 4770 478 4861 tranquillae
504 4795 646 4846 mrsum
671 4796 837 4852 maneant
860 4784 1034 4866 ecclesiae,

63 4863 91 4918 tl
105 4862 225 4949 quibus
239 4891 398 4958 praeesse
418 4884 455 4942 et
469 4874 595 4944 docere
609 4901 808 4968 possumus.
858 4881 929 4956 Hic
942 4886 1033 4958 bene

1096 2371 1140 2460 S.
1166 2389 1211 2466 D.
1261 2392 1422 2463 Primum
1446 2410 1530 2486 opto
1556 2420 1597 2492 ex
1623 2393 1761 2478 auimo,
1794 2407 1836 2464 ut
1859 2389 1918 2464 hic
1942 2395 2087 2465 veniens

1096 2519 1212 2564 annus
1234 2490 1405 2565 Ecclesiis
1430 2493 1517 2581 Dei,
1551 2510 1585 2566 et
1607 2519 1727 2564 earum
1750 2489 1932 2588 hospitiis,
1964 2514 2000 2568 et
2019 2497 2087 2568 tibi

1096 2611 1130 2665 et
1156 2611 1234 2666 tuae
1261 2596 1474 2666 domesticae
1496 2595 1674 2667 Ecclesiae
1699 2597 1744 2666 sit
1768 2597 1903 2668 faustus
1925 2613 1960 2670 et
1989 2599 2085 2673 felix.

1095 2697 1210 2766 Tuam
1241 2697 1504 2768 solicitudinem
1530 2701 1574 2768 de
1602 2698 1919 2790 praelationibusa
1941 2713 1975 2769 te
1998 2699 2085 2768 scri-

1095 2801 1163 2890 ptis
1184 2799 1223 2866 in
1248 2796 1524 2869 Grammaticam
1547 2813 1581 2870 et
1603 2823 1686 2868 vere
1706 2799 1880 2890 puerilem
1908 2800 2083 2882 libellum,

1093 2901 1241 2976 miratus
1255 2922 1350 2983 sum,
1375 2923 1457 2968 cum
1472 2899 1577 2984 scias,
1600 2923 1749 2969 menon
1768 2924 1907 2970 morose
1926 2925 2085 2992 praeser-

1092 3001 1156 3070 tim
1172 3002 1216 3070 de
1236 3001 1430 3070 amicomm
1454 2999 1579 3068 officiis
1601 2997 1777 3086 iudicare,
1800 3023 1865 3071 nec
1887 3025 2004 3073 amare
2019 3029 2083 3099 ‹pt-

1092 3095 1288 3186 λονεικίας,
1313 3101 1436 3194 quales
1452 3095 1520 3171 hoc
1536 3115 1690 3192 tempore
1707 3115 1790 3171 sunt
1806 3103 1968 3173 infinitae
1988 3107 2084 3174 mul-

1092 3219 1228 3290 torum,
1259 3203 1321 3296 qui
1341 3203 1502 3297 undique
1525 3217 1668 3294 captant
1687 3203 1845 3274 rixarum
1871 3205 2085 3282 occasiones.

1092 3306 1162 3378 Sed
1180 3300 1265 3374 haec
1284 3329 1423 3389 coram,
1449 3327 1533 3373 nam
1560 3306 1590 3374 si
1615 3308 1777 3400 persequi
1803 3301 1870 3376 hoc
1890 3329 2082 3396 argumen-

1073 3421 1167 3487 ,tum
1184 3406 1290 3475 velim
1306 3405 1447 3494 longior
1460 3407 1609 3498 epistola
1623 3408 1741 3477 lutura
1764 3422 1864 3491 esset,
1884 3433 1990 3502 quarn
2006 3409 2082 3482 lso·

1092 3509 1196 3579 cratis
1211 3501 1319 3606 λόγος
1334 3505 1611 3599 Areopagiticus,¹
1633 3509 1695 3600 qui
1714 3510 1832 3601 etipse
1848 3511 1933 3580 tales
1949 3511 2080 3580 civium

1092 3613 1228 3678 furores
1252 3622 1407 3694 accusat,
1434 3625 1468 3680 et
1488 3605 1681 3683 ἐπιείκειαν
1699 3611 1869 3699 flagitas*
1900 3609 1958 3681 Ad
1985 3636 2081 3682 mer-

1091 3724 1206 3780 catum
1221 3733 1277 3778 me
1293 3711 1413 3779 venire
1431 3735 1569 3781 rrecesse
1593 3725 1664 3798 est,
1690 3706 1753 3784 ded
1778 3705 1957 3811 iyyaipuir
1979 3739 2077 3800 τινα,

1091 3833 1158 3901 qua
1181 3824 1262 3880 ante
1287 3811 1473 3881 biennium
1496 3828 1663 3884 oneratus
1685 3837 1785 3900 sum,
1825 3839 1905 3884 cum
1934 3815 2079 3907 quidem

1091 3937 1155 3981 nec
1169 3913 1370 4002 ignorarem
1384 3909 1595 4004 Delphicum
1612 3929 1859 4006 praeceptum,
1883 3939 1949 3984 uec
1971 3917 2079 3986 dubi-

1089 4027 1199 4083 tarem
1215 4008 1305 4081 mihi
1322 4013 1532 4084 solvendum
1556 4037 1640 4089 esse.
1691 4015 1761 4086 Sed
1787 4017 1826 4085 in
1849 4039 1949 4087 esre
1971 4017 2077 4087 etiam

1089 4115 1204 4198 servio
1221 4115 1384 4204 publicae
1399 4116 1668 4210 tranquillitati,
1693 4131 1733 4188 ut
1748 4117 1816 4186 leci
1830 4140 1944 4208 saepe.

1188 4215 1295 4286 Mitto
1318 4217 1385 4286 tibi
1409 4217 1724 4308 expostulationem
1747 4220 1913 4310 scriptam
1936 4220 1981 4289 ad
2001 4207 2079 4290 Ca'-

1089 4313 1208 4386 rnium
1226 4315 1476 4408 imperatorem
1493 4311 1549 4413 *),
1583 4343 1689 4412 quam
1712 4319 1833 4409 legetis
1856 4333 1895 4390 tu
1918 4333 1955 4390 et
1973 4345 2076 4410 prae-

1087 4420 1198 4489 lectus
1220 4443 1300 4488 cum
1316 4420 1513 4511 voluptate,
1540 4421 1678 4490 etiamsi
1696 4421 1986 4490 declamationem
2010 4425 2077 4492 ali-

1087 4520 1150 4612 qui
1178 4542 1251 4589 esse
1275 4519 1486 4595 existimant.
1545 4517 1599 4592 Te
1621 4547 1706 4592 vero
1729 4523 1884 4592 arbitror
1904 4523 2076 4596 libentius

1085 4621 1259 4690 lecturum
1283 4643 1357 4690 esse
1382 4615 1581 4692 Francisci
1599 4619 1770 4719 Hispani
1790 4625 1904 4693 nostri
1926 4619 2078 4717 hospitis

1086 4722 1268 4812 epistolam
1278 4722 1495 4815 scriptamex
1505 4723 1804 4816 carcereBelgico,
1818 4726 1969 4818 placebit
1980 4729 2076 4796 enim

1085 4824 1197 4893 animi
1223 4825 1448 4914 magnitudo,
1472 4849 1513 4898 ac
1534 4827 1647 4898 lilium
1668 4824 1737 4902 Dei
1755 4851 1839 4915 oro,
1869 4843 1911 4901 ut
1932 4853 2013 4899 eum
2039 4841 2074 4899 et

1084 4949 1151 4996 nos
1164 4939 1262 5016 regat
1277 4941 1311 4996 et
1326 4929 1521 5004 confirmet.

63 5081 77 5098 .
1185 5019 1426 5097 lltleladiorem
1441 5028 1499 5123 **)
1524 5029 1630 5099 doleo
1650 5053 1692 5100 ex
1706 5025 1773 5100 hac
1788 5025 1981 5100 Academia
2004 5031 2074 5100 mi-

1082 5151 1203 5218 grare,
1225 5131 1506 5222 quamproxime
1525 5155 1608 5201 curn
1625 5155 1645 5201 a
1661 5132 1764 5202 vobis
1787 5130 1913 5218 rediit,
1938 5155 2080 5214 novum,

88 5267 113 5340 *l
129 5275 292 5355 &pensum
303 5285 564 5366 Witebergeusiueu
577 5313 634 5353 uon
650 5297 790 5358 satem
884 5373 889 5378 ,
1112 5319 1152 5448 :p
1162 5318 1494 5459 νίἀιιωτῖιῧῦοτίρωιη
1508 5318 1585 5394 quod
1596 5319 1669 5375 inire
1683 5320 1712 5380 d.
1727 5321 1769 5376 ld.
1782 5319 1839 5376 lau.
1855 5321 1931 5378 1545.
1940 5321 2075 5382 dedimus.

1152 5407 1166 5475 )
1183 5405 1210 5458 tt
1221 5401 1277 5474 ing.
1381 5439 1391 5459 .
