4754 5806
110 383 199 448 mm
706 277 980 360 ANNALES
1013 276 1196 358 VITAE
1228 269 1363 363 Mllb.
1416 279 1551 362 1546.

127 487 189 548 12,
241 463 348 532 Alesia
364 465 458 533 Scuto
474 469 577 530 scribit
590 467 751 530 sententiaa
763 466 798 528 in
812 485 901 529 mum
915 469 1053 548 publicae
1067 419 1291 550 disputationis.

125 599 190 668 24.
241 600 374 692 Comitia
390 601 583 668 Wornratiae
596 601 698 664 habita
708 601 902 667 inchoantur.
953 599 1054 664 Finita
1068 601 1097 663 d.
1114 599 1146 667 4.
1162 596 1246 683 Aug.

125 738 192 803 28.
240 733 395 800 Pantanus
410 735 630 800 edEteetorem
645 741 679 798 in
694 733 805 799 Tabul.
821 735 958 809 Wimer.
974 733 1108 818 Regiae.
1123 733 1166 802 H.
1181 759 1212 820 p.
1232 741 1338 803 coa:
1375 731 1462 819 „itu
1476 726 1591 815 carboli
1605 725 1695 815 iiico.
1709 727 1873 816 winoci
1889 727 1940 816 tac
1954 730 2045 816 beant
2060 731 2148 818 tetdo

292 837 700 1009 pbr‘tttatptppuppmtptabtppu,
715 835 764 906 int
783 835 949 918 tottinitct
972 837 1153 909 totitatis
1174 831 1486 922 resecarentur,
1520 834 1616 904 cauit
1638 833 1682 905 tte
1705 832 1839 914 baccata
1861 831 2073 915 &formatico
2098 834 2149 920 icit

242 1074 395 1158 Tbeologi
408 1075 654 1158 Witebergenses
669 1077 804 1137 scribunt
821 1096 906 1136 suam
923 1079 1101 1137 sententiam
1115 1075 1151 1136 de
1167 1073 1371 1137 continuando
1388 1086 1417 1138 at
1431 1073 1620 1136 extendendo
1635 1073 1758 1136 foedere
1772 1069 2026 1137 Sobnraloaldico.

103 1200 200 1282 April

160 1313 194 1371 2·
243 1303 387 1388 Explicat
400 1306 534 1369 dictum:
565 1307 655 1368 multi
670 1317 740 1368 aunt
753 1308 872 1385 vocati,
900 1307 989 1386 pauci
1003 1307 1101 1367 electi.

136 1442 196 1504 16.
244 1439 407 1522 Philippus
424 1435 557 1522 Landgr.
573 1440 734 1522 respondet
747 1441 786 1501 ad
802 1443 917 1501 monita
932 1437 1212 1520 Witebergensium
1226 1435 1328 1498 desua
1344 1457 1468 1498 censura
1486 1432 1723 1500 Relbrmutionis
1739 1434 1860 1501 Witeb.
2073 1439 2077 1446 ⁴

134 1575 192 1635 17.
243 1570 317 1635 lilel.
332 1574 481 1636 iudicium
498 1574 535 1634 da
549 1575 588 1634 iis
605 1575 659 1656 qui
674 1577 776 1636 rivere
791 1586 941 1655 coguntur
958 1577 1036 1634 inter
1047 1571 1191 1656 Papistas.
1956 1535 1959 1540 ἱ

132 1701 198 1769 24.
244 1704 400 1770 Sententia
411 1705 486 1771 Mel.
502 1708 539 1768 de
553 1711 665 1788 scripto
681 1707 813 1792 quodam
828 1705 1053 1798 Turicensium.
1078 1741 1130 1753 —
1160 1702 1236 1772 Vid.
1251 1707 1337 1786 epist.
1350 1699 1498 1766 Eleutetis
1514 1706 1552 1766 ad
1568 1703 1739 1771 Pontanurn
1754 1729 1788 1770 ea
1803 1709 1840 1770 de
1855 1709 1929 1773 red.
1948 1711 2013 1790 26.
2026 1700 2105 1788 Aps.

123 1825 197 1904 ⁸28·
244 1839 320 1906 illel.
333 1837 473 1924 Lipsiam
487 1843 695 1924 proficiscitur
709 1843 748 1904 ad
762 1843 923 1906 nundinas.

118 1965 198 2138 mail
245 2071 276 2134 d.
292 2071 326 2142 6.
344 2074 394 2134 vel
413 2075 447 2140 6.
467 2067 544 2134 lllaii
557 2068 742 2134 Melantbcu
759 2071 838 2135 redit
855 2073 994 2136 domum.
1047 2050 1051 2059 ¹

138 2209 196 2272 18.
245 2202 365 2286 Torgae
383 2207 474 2266 estin
489 2209 559 2266 aula
572 2203 731 2270 Eleotcris.

245 2335 358 2402 lterum
377 2351 486 2400 erarrat
501 2345 636 2422 primum
649 2339 763 2403 librum
777 2337 957 2402 Ethicorum
973 2337 1157 2403 Aristotelis.
1227 2379 1231 2390 ,

132 2462 194 2525 31·
247 2470 362 2540 Scribit
377 2474 417 2538 ad
432 2469 588 2554 Venetos,
614 2477 810 2557 potissimum
822 2475 860 2538 de
876 2497 969 2540 coena
985 2498 1030 2554 s.,
1055 2487 1133 2561 quae
1145 2487 1246 2538 autam
1262 2476 1391 2556 epistola
1404 2477 1507 2562 periit.

127 2579 200 2650 lun.
358 2589 362 2597 “

157 2689 195 2756 6·
246 2698 403 2765 Praeibtur
418 2705 451 2763 in
467 2696 598 2763 Lutheri
614 2707 834 2768 enarrationem
845 2672 964 2770 Hoseae
977 2731 994 2770 a
1009 2706 1085 2772 Vito
1101 2706 1222 2775 Theod.
1238 2708 1361 2770 editam.

136 2825 200 2889 18·
248 2831 376 2918 Georgii
392 2831 497 2898 lllohri
514 2841 598 2899 rixae
614 2861 685 2901 cum
697 2837 824 2903 Nicolao
839 2839 987 2906 Medlero.

247 2968 413 3035 Pindarum
428 2983 616 3035 enarraturus
631 2986 675 3036 est
689 2977 722 3036 in
738 2976 853 3038 schola.

128 3084 193 3150 lul.

137 3193 195 3258 15.
247 3193 364 3261 Iudicat
378 3199 415 3260 do
430 3197 544 3262 loanne
563 3223 580 3263 a
594 3199 694 3265 Lusco
709 3217 739 3264 et
754 3209 819 3267 eius
834 3208 926 3270 libro.

247 3329 387 3394 Exaunte
403 3328 485 3394 Iulio
500 3331 674 3417 Lutlrerua,
701 3341 803 3400 animo
818 3345 899 3402 varie
914 3357 1103 3420 commotus,
1130 3339 1341 3422 Witeberganr
1357 3339 1475 3402 deterit.

247 3441 401 3529 Praefatur
415 3465 488 3535 Mel.
504 3473 538 3531 in
553 3469 721 3554 Augustini
734 3477 847 3537 librum
863 3477 900 3538 de
916 3480 1025 3559 spiritu
1040 3489 1070 3538 et
1083 3481 1178 3542 litere.

107 3587 196 3672 Aug.

163 3699 196 3758 1.
246 3689 377 3757 Alberto
391 3693 476 3758 Duoi
491 3695 588 3762 l’russ.
605 3705 708 3764 scribit
723 3705 760 3764 de
772 3707 913 3786 gradibus
929 3707 1116 3769 academicis.

160 3834 198 3894 2.
248 3823 345 3888 Mittit
360 3829 580 3909 praefationem
594 3839 627 3895 in
642 3832 688 3897 Iu.
707 3835 856 3900 Sohoneri
871 3844 1064 3922 astrologiam
1078 3838 1116 3899 ad
1128 3835 1198 3898 Vit.
1217 3835 1425 3898 Theodorum.
1475 3865 1479 3870 ·

248 3957 450 4024 Proficiscitur
464 3962 692 4049 lilerseburgum
708 3975 745 4034 ed
760 3975 965 4037 reducendum
979 3971 1153 4036 Lutherum
1165 3974 1270 4055 ibique
1287 3974 1409 4032 intereat
1423 3969 1606 4030 ordinationi
1623 3963 1747 4046 Georgii
1763 3959 1933 4024 Anbaltini.

138 4083 196 4144 17·
247 4091 405 4159 Lutherus
419 4099 496 4161 redit
510 4097 733 4186 Witebergam.
828 4089 832 4096 λ

134 4217 194 4279 20·
250 4225 322 4292 Edit
335 4227 474 4313 Lycurgi
490 4241 656 4299 orationem
673 4262 795 4322 graece,
828 4242 956 4303 dicatam
971 4235 1109 4305 Nobilio
1126 4238 1294 4304 Carlowitz.

133 4343 195 4413 24·
247 4359 341 4424 Bulla
357 4363 457 4448 Papae
475 4368 512 4429 de
529 4376 659 4433 concilio
674 4371 853 4440 Tridentino
867 4376 1050 4438 inchoando.
1154 4437 1157 4444 .

132 4485 194 4548 25·
247 4491 379 4560 Armona
393 4513 437 4562 est
452 4499 660 4587 Witebergae.

245 4626 385 4696 Exeunte
399 4633 542 4716 Augusto
560 4661 631 4702 cum
644 4639 669 4703 F
670 4647 803 4704 ranciaco
818 4639 995 4706 Burchardo
1012 4647 1180 4725 expatiatur
1195 4645 1226 4702 in
1242 4637 1417 4702 lllarcbiam.

115 4743 204 4828 Sept.

131 4851 191 4916 24.
244 4852 382 4920 Monitur
397 4857 654 4951 Arohiepiscopus
670 4867 883 4953 Mogamtinua.
1016 4855 1020 4862 ¹

242 4989 313 5055 Hoc
328 5017 430 5060 mense
444 5001 560 5063 bellum
572 5020 676 5068 movet
692 5005 842 5070 Henricus
857 5005 1095 5070 Brunsvioensis.

120 5113 196 5180 Oct.

160 5230 191 5288 1·
242 5221 322 5288 Gum
337 5223 475 5292 Luthero
491 5237 689 5314 proficiscitur
701 5233 922 5300 Mansi'eldiam.

155 5341 189 5405 6.
239 5339 347 5407 Narrat
360 5350 473 5411 bellum
490 5373 560 5414 cum
575 5351 708 5416 Henrico
723 5355 810 5419 Duce
822 5355 990 5421 Brunswio.

155 5461 189 5523 6.
238 5455 313 5526 Mel.
332 5461 528 5532 etLutherus
543 5473 669 5537 redeunt
684 5473 905 5560 Witebergam.
