4704 5804
220 157 294 296 tro
519 221 521 226 ’
793 214 1485 302 sermocinantium
1538 211 1671 298 rsus.
1987 229 1994 236 ⁴
2177 219 2254 300 rso

222 393 418 522 Q.
576 457 579 464 ,
1038 395 1201 484 casca.
1260 391 1457 469 noarso.
2084 395 2243 488 aaa.

520 559 704 675 Georgio
733 535 920 647 Anbolt.
1038 489 1206 520 m
1585 575 1648 666 Io.
1675 579 1927 668 Matthesio.
2072 493 2247 528 Μ

294 721 377 792 epra,
393 721 492 778 mu.
512 741 536 792 ρ.
551 722 640 796 srqq.
656 749 690 768 -
724 721 912 794 sponsatos
929 720 958 778 tn
971 719 1033 778 cot
1047 721 1158 780 Mom-
1171 723 1213 781 ⁸⁸·
1289 788 1293 798 ,
1332 752 1417 826 epa.
1437 753 1483 810 trs.
1503 753 1539 811 u.
1554 749 1642 878 p'ss.
1667 757 1721 820 aa.
1742 757 1830 814 naa.
1849 759 1896 815 ns.
1916 758 1949 815 n.
1967 777 2011 831 ep.
2026 759 2088 830 m).
2104 785 2140 802 -·
2174 759 2255 828 apo-

329 809 376 848 uo.
388 791 435 846 tv.
454 811 480 864 p.
493 792 553 848 24³.
1365 824 1502 894 graphan,
1524 843 1552 878 se
1595 844 1651 880 non
1665 824 1801 898 integrum
1817 839 1843 882 et
1857 829 1982 884 desinens
1997 831 2024 882 in
2040 828 2142 888 vertas
2167 829 2255 881 Navio

561 931 568 949 .
700 927 708 950 .
761 934 767 949 .
800 931 808 950 .
978 929 986 950 .
1365 893 1545 963 colloqueris,
1566 893 1594 946 in
1616 895 1677 949 cod.
1693 895 1804 954 Monac.
1817 897 1860 953 89.
1878 915 1927 954 ιιο.
1939 897 1986 954 Vl.
2003 897 2086 970 psa
2121 895 2205 952 Aliud
2223 895 2254 950 in

396 927 614 1027 Georgia,
638 926 804 1031 Prmcrpr
821 926 1043 1004 Anhallmo.
1366 963 1427 1015 coa.
1442 960 1524 1016 Goth.
1539 962 1598 1018 cst.
1615 981 1641 1035 p.
1657 963 1700 1020 59.

227 1029 271 1120 S.
294 1049 339 1124 D.
390 1049 629 1120 lllustrissime
644 1047 822 1142 Princeps.
870 1047 949 1121 Etsi
969 1051 1007 1118 in
1030 1050 1136 1120 tantis
1156 1063 1213 1120 tu·
1751 1121 1760 1138 ‚
2013 1121 2021 1142 ,

226 1153 398 1222 multibus
415 1151 664 1242 lmperiornm,
691 1165 724 1220 et
741 1153 920 1220 communi
934 1145 1123 1237 moestitia,
1145 1153 1213 1220 mi·
1468 1112 1522 1188 D·
1546 1113 1757 1192 I⁰l²⁰m²⁸
1781 1117 2048 1196 M⁰²¹h⁶⁸¹⁰

226 1280 295 1324 nus
313 1254 487 1324 delectant
503 1252 677 1322 studiosos
696 1251 835 1338 literae,
868 1267 985 1322 tamen
1003 1277 1122 1324 earum
1141 1267 1214 1324 tra·
1262 1224 1308 1316 S·
1334 1245 1379 1322 D.
1430 1247 1555 1322 Nescio
1569 1255 1665 1324 unde
1681 1256 1859 1342 exordiar,
1891 1281 1972 1328 cum
1993 1257 2086 1330 etde
2101 1255 2256 1350 publicis

207 1355 334 1431 ,ctatio
364 1379 438 1424 non
469 1377 614 1446 prorsus
644 1353 839 1424 omittenda
866 1367 935 1439 est,
973 1368 1051 1424 eta
1083 1355 1214 1426 divinis
1263 1351 1419 1420 molibus
1430 1347 1477 1446 ¹),
1516 1355 1621 1423 etde
1649 1356 1795 1446 privatis
1823 1357 1893 1428 tuis
1918 1355 2104 1428 doloribus
2127 1359 2171 1428 ad
2196 1381 2256 1428 mc

227 1456 455 1551 quidemiam
474 1456 602 1525 levatio
619 1459 789 1547 quaedam
806 1455 1214 1547 dolorumapetendaest.
1264 1452 1455 1542 scripseris.
1506 1451 1577 1524 Sed
1595 1457 1879 1543 meminerimus,
1904 1483 2025 1529 omnes
2041 1458 2257 1530 calamitates

224 1555 330 1628 Hane
354 1557 564 1626 sententiam
589 1569 624 1626 et
648 1551 737 1624 mibi
763 1571 800 1626 et
820 1557 899 1626 aliis
923 1580 1024 1648 saepe
1057 1557 1127 1626 iam
1157 1557 1213 1626 in·
1266 1554 1425 1642 publicas
1448 1565 1481 1623 et
1503 1556 1673 1646 privatas,
1703 1583 1777 1628 nos
1798 1553 1952 1644 hortari,
1987 1574 2029 1630 ut
2047 1558 2161 1630 Deum
2183 1557 2258 1628 Pa-

228 1661 347 1744 culco,
381 1673 414 1728 et
436 1658 595 1748 intelligo
614 1651 879 1728 Bernhardum
900 1653 1111 1752 Zigkrm,
1150 1661 1215 1728 etsi
1265 1665 1354 1723 trem
1372 1667 1553 1724 aeternum
1566 1654 1714 1728 Domini
1730 1661 1842 1730 nostri
1860 1659 1939 1732 lesu
1952 1657 2086 1732 Christi
2108 1661 2259 1730 invoce-

227 1785 301 1833 una
317 1761 503 1830 nobiscum
519 1761 680 1850 rempub.
698 1759 811 1848 luget,
844 1773 960 1830 tamen
977 1755 1044 1830 hoc
1065 1755 1223 1832 consilio'
1266 1778 1361 1842 mus,
1390 1756 1452 1848 qni
1473 1779 1509 1824 se
1530 1755 1610 1828 ideo
1626 1773 1697 1831 tarn
1713 1761 1912 1833 illustribus
1928 1762 2139 1833 testimoniis
2153 1770 2259 1854 pate-

228 1887 301 1933 non
324 1864 531 1952 abrumpere
553 1883 675 1951 operas
692 1857 936 1934 Scholasticas.
987 1857 1078 1932 Cum
1099 1875 1215 1933 autem
1264 1857 1368 1942 fecit,
1401 1872 1441 1926 ut
1461 1870 1646 1931 testaretur
1661 1883 1697 1931 se
1713 1885 1779 1932 nos
1795 1886 1931 1939 curare.
1982 1861 2089 1934 Hunc
2104 1888 2186 1948 oro,
2211 1875 2257 1933 ut

212 1978 373 2058 'propter
388 1957 537 2033 Scholae
559 1964 871 2047 consuetudinem,
903 1985 999 2032 nunc
1021 1963 1125 2032 titulo
1141 1961 1216 2033 Do-
1265 1971 1379 2030 servet
1399 1971 1433 2028 te
1454 1971 1487 2027 et
1509 1953 1791 2032 honestissimam
1813 1965 1997 2056 coniugem
2015 1977 2124 2035 tuam.
2175 1961 2259 2036 Ab·

229 2081 387 2150 storum,
424 2077 465 2134 ut
491 2073 650 2144 vocant,
679 2066 861 2134 ornandus
887 2064 950 2149 sit;
990 2077 1025 2134 et
1048 2065 1215 2135 usitatum
1266 2071 1365 2128 ortus
1391 2061 1430 2127 in
1448 2054 1512 2128 'bis
1536 2061 1740 2151 regionibus
1765 2066 1906 2136 crebros
1928 2089 2001 2135 esse
2019 2063 2257 2134 animadverti

230 2163 330 2258 sit¹),
370 2177 450 2256 post
477 2164 654 2256 publicam
679 2159 983 2235 renunciationem
1014 2165 1217 2250 testimonii,
1266 2175 1410 2252 propter
1432 2161 1601 2249 frigidum
1624 2177 1766 2254 potum,
1803 2190 1908 2260 quem
1932 2181 2061 2237 vocant
2083 2167 2258 2236 secunda-

220 2259 372 2356 ¹collegis
395 2266 553 2335 eiusdem
575 2265 726 2350 laboris,
765 2269 808 2336 ad
837 2267 1102 2356 significandam
1130 2291 1233 2358 con·¹
1265 2261 1356 2331 riam
1370 2259 1602 2345 Cererisiam,
1624 2289 1728 2358 quam
1744 2269 1818 2337 lere
1831 2267 1960 2340 bibunt
1974 2268 2149 2338 mulieres.
2179 2263 2259 2338 Cu-

139 2443 141 2451 ,
229 2369 448 2439 iunctionem
464 2365 683 2452 animorum,
704 2369 909 2438 convivium
924 2368 1115 2452 instruere,
1139 2382 1218 2438 orat
1266 2363 1362 2432 rabis
1386 2364 1496 2453 igitur
1515 2383 1594 2434 tsrae
1616 2367 1758 2457 coniugi
1779 2383 1902 2460 potum
1926 2370 2139 2461 pleniorem,
2160 2370 2257 2438 etde

230 2471 300 2540 sibi
319 2469 469 2538 lerinam
492 2491 633 2538 carnem
656 2469 794 2544 donari.
852 2468 934 2541 Scio
958 2469 1065 2538 nimis
1087 2469 1217 2538 multos
1267 2459 1332 2534 hac
1354 2463 1428 2556 ipsa
1448 2486 1549 2536 causa
1565 2489 1645 2537 cum
1662 2466 1706 2538 D.
1719 2464 1839 2542 Navio
1854 2471 2077 2564 colloqueris.
2127 2467 2258 2540 Publi·-

228 2567 298 2642 boc
314 2571 421 2638 modo
439 2569 477 2636 in
492 2569 617 2640 vestris
632 2569 739 2664 sylvis
752 2570 892 2656 venari,
925 2571 988 2664 qui
1005 2569 1092 2640 alibi
1112 2569 1216 2640 etiam
1268 2589 1327 2636 cos
1354 2567 1527 2638 tumultus
1554 2568 1659 2639 etiam
1682 2567 1759 2642 Deo
1788 2579 2075 2642 commendemus
2105 2571 2259 2640 assiduis

230 2672 393 2741 invenire
413 2670 580 2762 praedam
602 2686 756 2761 possent.
806 2669 877 2744 Sed
892 2667 1066 2762 Theologi
1090 2695 1218 2762 paucos
1267 2668 1444 2760 precibus.
1490 2666 1585 2739 Satis
1604 2670 1700 2740 enim
1723 2687 1869 2766 apparet
1889 2673 2092 2765 impendere
2113 2671 2258 2741 letalem

229 2769 364 2843 habent
375 2784 533 2862 potentes
546 2772 687 2840 amicos.
713 2771 804 2843 Cum
819 2781 1011 2844 asrtema'te
1026 2786 1059 2842 et
1074 2775 1118 2841 ab
1132 2771 1219 2842 llln-
1268 2769 1533 2838 conversionem
1563 2768 1815 2862 imperiorum,
1854 2800 1923 2869 qua
1951 2775 2056 2846 etiam
2076 2771 2259 2843 Ecclesiae

231 2873 411 2958 strissimis
427 2871 594 2942 iratribus
617 2871 706 2959 tuis,
737 2875 848 2943 amari
863 2871 1055 2954 Ecclesiam
1070 2871 1159 2959 Dei,
1185 2887 1219 2944 et
1269 2883 1302 2939 et
1319 2865 1564 2940 Academicus
1574 2867 1604 2966 ²)
1621 2877 1901 2966 quassabuntur,
1933 2877 1993 2946 sed
2016 2887 2133 2946 tamen
2152 2897 2258 2966 spero

227 2969 409 3046 Ecclesiae
423 2973 539 3044 studia
556 2975 657 3060 sciat,
689 2977 830 3046 avobis
848 2989 962 3068 petere
979 2977 1126 3046 lerinam
1144 3000 1219 3044 non
1268 2967 1384 3042 Deum
1397 2986 1617 3043 servaturum
1634 2997 1707 3044 esse
1724 2978 1923 3048 studiorum
1944 2973 2174 3047 honestorum
2198 2999 2260 3044 rc-

232 3077 418 3148 dubitavit.
459 3073 641 3146 Tribuetis
656 3077 764 3166 igitur
778 3073 845 3147 hoc
859 3078 1065 3148 beneficium
1079 3072 1219 3146 homini
1269 3072 1409 3165 liqnias.
1459 3071 1590 3164 Magna
1607 3077 1701 3146 sanis
1718 3073 1922 3150 bominibus
1936 3077 2129 3148 consolatio
2146 3090 2198 3147 est
2218 3076 2259 3146 in

196 3241 203 3247 .
232 3181 354 3263 docto,
380 3189 530 3247 vestram
545 3179 715 3247 familiam
731 3193 931 3250 reverenter
948 3177 1096 3262 colenti,
1126 3178 1220 3247 etin
1270 3174 1376 3242 tantis
1398 3173 1655 3247 calamitatibus
1681 3191 1799 3268 tenere
1820 3193 1937 3262 tamen
1961 3181 2097 3248 firmam
2120 3180 2164 3248 de
2178 3175 2259 3247 Deo

195 3289 201 3296 “
232 3279 276 3348 iis
299 3279 425 3348 studiis
447 3279 619 3364 versanti,
657 3305 746 3372 quae
768 3294 803 3350 et
826 3295 866 3350 tu
889 3280 1020 3371 optime
1042 3279 1221 3368 intelligis,
1270 3275 1470 3344 doctrinam
1494 3291 1529 3347 et
1548 3279 1771 3352 considerare
1792 3281 1914 3352 fatales
1935 3302 2055 3350 causas
2077 3292 2113 3350 et
2131 3275 2260 3350 Eccle-

234 3393 269 3450 ct
290 3379 496 3470 gravissimo
518 3379 651 3449 iudicio
672 3382 823 3450 antelers
843 3381 1011 3450 omnibus
1031 3381 1136 3450 rebus
1151 3375 1221 3450 hu·
1269 3375 1341 3445 siae
1362 3377 1511 3466 speciem
1533 3379 1700 3450 omnibus
1720 3382 1909 3454 aetatibus.
1966 3379 2050 3452 ldeo
2074 3381 2169 3473 apud
2194 3401 2261 3451 vos

233 3481 360 3554 manis.
411 3477 528 3548 Tanta
553 3496 603 3552 est
625 3473 743 3552 autem
766 3483 820 3551 vis
844 3483 979 3572 ingenii
1002 3483 1041 3550 in
1059 3477 1222 3574 Ziglero,
1270 3477 1406 3565 gaudeo
1430 3493 1543 3548 rectae
1567 3481 1749 3553 doctrinae
1772 3483 1997 3556 concordiam
2020 3483 2185 3567 retineri,
2224 3493 2262 3552 et

233 3597 274 3653 ut
295 3581 474 3651 neminem
497 3581 536 3649 in
561 3577 617 3651 his
638 3583 776 3654 duabus
797 3581 997 3653 Academiis
1020 3582 1052 3651 ei
1074 3606 1222 3674 praepo-
1271 3581 1316 3647 de
1329 3572 1384 3646 his
1400 3579 1507 3649 tantis
1520 3581 1626 3650 rebus
1641 3577 1802 3655 homines
1816 3581 2094 3665 commonebam,
2126 3607 2168 3653 ac
2188 3581 2262 3652 dici

173 3679 178 3688 ’
234 3685 392 3754 nendum
406 3683 543 3755 ducam.
594 3679 643 3753 Et
663 3679 755 3754 hanc
775 3685 847 3753 vi'm
862 3699 1008 3754 naturae
1023 3683 1161 3780 confert
1177 3685 1221 3752 ad
1272 3703 1311 3750 ea
1334 3705 1424 3773 quac
1445 3683 1490 3751 ad
1511 3683 1745 3766 consolandos
1767 3699 1802 3758 et
1821 3689 1997 3757 sanandos
2016 3686 2154 3755 animos
2174 3707 2262 3775 pro-

234 3781 412 3854 Ecclesiae
436 3783 646 3870 utilitatem,
682 3809 809 3876 magna
837 3786 1050 3856 dexteritate
1070 3785 1223 3855 illustrat
1272 3795 1372 3867 sunt,
1413 3783 1452 3851 in
1473 3807 1579 3876 quarn
1600 3807 1674 3854 rem
1700 3799 1739 3858 ut
1762 3788 1946 3862 incumbas
1968 3787 2130 3858 lectiam
2153 3799 2262 3879 atque

234 3881 607 3978 Propheticascripta,
639 3911 764 3980 meque
782 3887 891 3958 multa
909 3888 1039 3957 exeius
1058 3889 1223 3957 observa·
1272 3884 1468 3957 etiamoro.
1519 3883 1721 3962 Benevale.
1771 3887 1841 3960 Die
1852 3889 1913 3964 27.
1927 3881 2161 3980 Septembris,
2188 3911 2261 3980 quo

233 3988 391 4060 tionibus
416 3987 579 4058 didicisse
602 3989 780 4080 profiteor.
830 3986 944 4084 Cyrus
963 3989 1083 4060 iunior
1098 3989 1223 4058 lauda·
1272 3983 1650 4082 anteannos3881³)
1682 4011 1759 4060 arca
1785 3986 1908 4076 Nohac
1938 3991 2093 4082 primurn
2123 3988 2263 4082 quievit

235 4105 293 4160 tur
323 4083 600 4180 aXenophonte
629 4091 831 4160 dulcissima
864 4091 1084 4174 narratione,
1125 4089 1220 4182 quod
1272 4099 1351 4176 post
1374 4086 1570 4173 diluvium,
1612 4087 1757 4161 Utinam
1779 4093 1876 4165 Deus
1901 4109 2005 4162 nunc
2026 4115 2170 4185 quoqne
2201 4091 2263 4160 det

236 4189 323 4288 viris
344 4190 594 4260 excellentrbus
615 4187 790 4286 mrsent‘)
817 4191 995 4260 interdum
1012 4191 1163 4274 fercula,
1189 4205 1223 4260 et
1272 4184 1448 4258 Ecclesiae
1464 4211 1546 4260 suae
1563 4189 1729 4283 quietem.
1779 4191 1912 4266 lterum
1929 4193 2018 4264 vale.

239 4292 315 4362 cini
336 4291 487 4380 lagenas.
550 4286 598 4359 Et
620 4291 659 4360 in
682 4287 750 4362 boc
772 4315 899 4384 genere
922 4307 1005 4361 nota
1026 4303 1079 4360 est
1101 4289 1222 4360 multis

238 4407 354 4463 vestra
375 4417 455 4461 cum
466 4387 496 4488 ³)
516 4389 709 4462 liberalitas
730 4408 805 4464 tum
828 4393 985 4467 comitas.
1035 4391 1104 4464 Sed
1122 4416 1221 4483 prae-

239 4493 340 4586 cipue
357 4507 453 4583 grata
470 4492 672 4580 nobiserit,
697 4495 726 4564 si
743 4496 822 4566 talis
837 4495 907 4566 viri
928 4493 1071 4585 ingenio
1094 4507 1129 4564 et
1150 4493 1223 4562 vir·
1272 4537 1328 4609 No
1352 4539 1449 4611 2751

238 4597 308 4666 tuti
330 4589 426 4664 hune
448 4589 620 4664 honorem
635 4590 821 4671 habebitis.
870 4595 967 4667 Bene
983 4595 1105 4669 valete.
1156 4591 1224 4664 Die
1280 4581 1463 4664 „za-,¹

151 4704 153 4708 ’
239 4693 390 4768 XXVII.
404 4693 621 4788 Septembris
644 4721 714 4790 quo
733 4711 815 4768 ante
828 4721 940 4768 annos
953 4697 1052 4769 5851
1067 4695 1224 4789 primum
1258 4757 1259 4762 ,
1607 4705 1933 4792 Testimonium,

240 4795 429 4870 consistere
444 4821 522 4866 arca
533 4793 656 4868 Nubae
670 4798 803 4889 coepit,
827 4813 905 4889 post
920 4799 1107 4872 diluvium.
1143 4795 1225 4869 Uti·
1795 4799 1799 4814 '

239 4925 323 4970 nam
337 4896 434 4969 Deus
450 4921 547 4967 nunc
562 4923 702 4993 quoque
719 4924 821 4970 arcae
836 4895 1010 4972 Ecclesiae
1026 4923 1109 4970 suae
1123 4898 1226 4994 quie-
1425 4883 1527 4942 ΜΗ
1541 4885 1639 4960 ῙΜ·
1658 4885 1819 4960 b⁵4⁴⁸l4

240 5019 311 5074 tem
328 5015 362 5072 et
375 4997 667 5094 tranquillitatem
686 5001 873 5074 concedat!

1199 5143 1204 5150 '
1258 5177 1263 5192 ,
1311 5143 1337 5210 l)
1354 5137 1413 5196 bib.
1427 5139 1461 5196 ll.
1474 5141 1606 5194 morellus.

157 5257 160 5264 .
275 5215 301 5285 1)
318 5215 367 5283 nl]
381 5209 637 5270 damnasses
656 5221 708 5269 est.
1308 5225 1609 5297 ncodmdemstsc.

272 5299 301 5368 ἵ)
321 5297 389 5354 ὓθᾶ·
403 5299 514 5354 ΜΝ·
525 5296 583 5354 ωδ
600 5299 728 5354 mmm·
1309 5315 1339 5384 8)
1357 5311 1425 5368 cot.
1438 5310 1516 5368 8837.
1550 5308 1650 5366 Neuter
1664 5323 1794 5362 uumerus
1806 5303 1938 5366 convenit
1952 5299 2146 5375 ebrcnclsglse
2162 5301 2192 5357 in
2206 5301 2266 5360 aliis

274 5383 305 5452 8)
323 5381 392 5440 cos.
404 5383 517 5441 Monac.
531 5383 589 5442 88η
606 5391 679 5440 tum·
1345 5379 1473 5456 epistolis.
1632 5405 1640 5414 -

517 5716 672 5784 ,fic
