4670 5806
98 4595 104 4608 .
211 4561 307 4609 mere
323 4541 522 4632 cupiebant.

211 201 288 278 sta
777 191 1211 272 EPISTULARUM
1268 191 1474 272 astulae
1528 191 1664 272 tort.
2165 197 2243 270 876
2328 282 2329 334 ἶ

211 375 256 444 de
279 382 391 442 morte
411 372 554 464 tyranni
578 368 733 443 Turcici.
792 366 835 438 In
863 365 1047 459 Hungaria
1068 367 1201 438 multae
1251 365 1519 459 responsionem
1543 367 1597 450 ,ad
1628 363 1801 438 ltalorum
1829 365 2094 457 Quaestionem.
2151 365 2243 438 Nam

212 473 376 544 ecclesiae
400 473 477 562 piae
498 471 761 540 constituuntur
769 493 779 556 ;
813 471 873 538 sed
898 467 1004 539 Bassa
1026 467 1201 538 Budensis
1251 481 1313 540 tua
1336 468 1518 558 responsio
1541 479 1679 540 tantum
1701 471 1745 539 dc
1765 494 1838 540 una
1854 471 2060 564 quaestione
2074 470 2260 562 loquitur,

212 597 334 645 recens
351 571 584 656 4sacerdotes
606 571 683 662 capi
705 572 825 654 iussit,
852 585 887 641 ct
900 567 1202 660 Constantinopo-
1252 593 1332 638 cum
1354 571 1410 638 illi
1426 584 1504 640 tuas
1519 585 1737 662 proponente
1765 569 1825 641 An
1847 571 1970 640 renuti
1980 567 2245 666 4444114448ρί-

213 678 269 746 lin
283 675 388 746 mitti.
438 671 482 742 ln
499 671 600 741 ltalia
617 673 720 743 etiam
737 673 905 764 paulatim
922 673 1061 742 avidius
1077 671 1202 760 legun-
1253 669 1364 739 ritum
1389 666 1568 740 Sanctam
1590 671 1757 768 possint;
1805 669 1870 744 Et:
1898 669 1957 742 An
1982 666 2157 742 certitudo
2178 694 2245 742 cc·

215 791 275 848 tur
287 775 371 846 libri
385 797 492 870 purae
508 773 688 843 doctrinae
705 773 888 862 evangelii,
903 787 938 844 et
952 773 1057 842 multi
1077 795 1201 866 puram
1253 769 1358 840 isterc
1377 769 1515 868 possit,
1555 769 1592 840 si
1616 769 1850 856 concedatur,
1886 768 2055 846 chatos
2077 772 2246 844 amittere

214 878 413 949 doctrinam
438 874 662 948 confitentur..
718 871 856 946 Recens
878 869 1074 944 Bononiae
1098 873 1202 942 ctiam
1253 867 1435 968 Spiritum
1449 868 1658 944 Sanctum?
1707 875 1767 947 Tu
1782 876 2158 970 breviterrespoudes,
2178 897 2246 946 nec
2329 897 2330 912 ¹

214 975 385 1048 honestus
408 976 464 1044 vir
482 989 620 1046 tantum
642 988 786 1067 propter
809 975 888 1066 piae
910 977 1091 1045 doctrinae
1118 997 1203 1042 con·
1252 987 1371 1044 tamen
1384 970 1476 1068 πρὸς
1493 973 1588 1056 ἔπος.

213 1076 402 1149 sessionem
417 1077 609 1147 decollatus
625 1089 689 1146 est.
726 1075 768 1145 ld
785 1076 951 1146 viderunt
966 1069 1203 1144 uostriScho-
1355 1070 1485 1147 Oritur
1506 1089 1625 1148 autem
1650 1077 1826 1150 dubitatio
1843 1075 1943 1148 Italis
1955 1103 1997 1150 ex
2017 1077 2248 1168 imaginatio-

214 1181 340 1252 lastici.
393 1175 437 1246 ln
452 1171 590 1248 Gallia
604 1191 688 1248 sunt
704 1175 843 1248 circiter
857 1175 1001 1266 triginta
1017 1175 1129 1244 millia
1154 1175 1203 1244 si·
1253 1175 1361 1247 nibus
1376 1176 1719 1264 Sententiariorum,
1739 1181 1782 1249 de
1799 1179 1913 1250 inlusa
1927 1181 2115 1273 qualitate,
2137 1203 2248 1272 quam

214 1306 259 1353 ve
274 1281 476 1352 Tuscorum
492 1279 566 1351 sive
579 1275 807 1374 Aphrorum,
832 1277 894 1370 qui
910 1278 974 1348 etsi
988 1277 1152 1352 Nicaeam
1170 1289 1204 1346 et
1252 1277 1392 1369 fingunt
1415 1291 1450 1350 et
1471 1280 1615 1377 infundi
1639 1293 1675 1350 et
1695 1303 1857 1368 manere,
1881 1282 1959 1356 sine
1979 1281 2111 1355 nostris
2131 1295 2248 1368 certa-
2330 1333 2331 1360 ,

213 1385 386 1478 quaedam
403 1381 481 1452 loca
495 1392 728 1464 vexaverunt,
748 1392 869 1450 tamen
891 1379 977 1471 ipsis
992 1377 1107 1451 Gallis
1123 1379 1203 1472 plus
1252 1381 1429 1468 minibus,
1453 1382 1529 1480 sine
1545 1381 1629 1451 fidei
1649 1383 1756 1456 lucta.
1805 1381 1889 1453 Nou
1905 1384 2078 1475 cogitant,
2100 1385 2248 1454 assiduo

213 1499 362 1564 nocent,
388 1507 494 1576 quam
508 1473 727 1572 hostibus').
778 1477 826 1551 Et
842 1483 976 1552 accedit
999 1481 1044 1552 ad
1071 1496 1203 1552 caetera
1253 1483 1408 1573 pabulo,
1437 1483 1570 1560 scilicet
1592 1485 1701 1553 verbo
1717 1481 1785 1554 Dei
1806 1507 1896 1576 opus
1920 1509 2012 1571 esse,
2037 1500 2074 1557 et
2088 1499 2247 1554 mentem

213 1587 326 1670 mala,
351 1585 447 1677 quod
469 1584 665 1654 multorum
692 1582 823 1653 liberos
841 1583 1003 1676 rapiunt,
1029 1595 1063 1653 et
1088 1579 1204 1676 impo-
1254 1584 1452 1676 aquiescere
1466 1583 1555 1654 Fide
1579 1585 1619 1654 in
1640 1582 1843 1660 verboDei.
1900 1583 2063 1680 Denique
2085 1586 2247 1656 iudicare

215 1701 308 1760 nunt
322 1688 361 1756 in
376 1707 495 1754 naves.
521 1687 534 1720 ‘
1253 1685 1381 1756 volunt
1407 1686 1451 1754 de
1472 1687 1656 1756 voluntate
1677 1683 1764 1770 Dei,
1795 1688 1871 1758 sinc
1891 1688 2013 1758 verbo.
2067 1685 2151 1756 Non
2175 1682 2249 1757 hoc

317 1778 1054 1879 Spiracbpeaeboraeconsumtaesrmtin
1071 1809 1201 1877 pompa
1254 1786 1360 1856 statui
1391 1799 1530 1877 oportet
1559 1811 1634 1856 non
1664 1811 1805 1858 casuros
1828 1813 1895 1858 nos
1919 1811 2009 1858 esse:
2061 1786 2132 1860 Sed
2157 1783 2246 1874 boc;
2331 1863 2332 1868 ἵ

216 1883 449 1961 circumducti
468 1885 559 1956 asini
580 1883 638 1954 die
661 1883 878 1959 palmarum.
935 1883 1119 1978 Principes
1141 1889 1204 1956 ad·
1255 1909 1321 1955 uos
1337 1881 1745 1984 inpraesentiahabcre
1761 1887 2101 1975 reconciliationem,
2118 1897 2250 1958 ettam

213 1992 376 2078 fuerunt,
401 2001 539 2082 praeter
549 1983 685 2058 Ducem
698 1985 871 2058 saxoniae
884 1981 1096 2062 Electorem.
1113 1999 1178 2062 etc.
1256 1981 1320 2055 dia
1335 1980 1488 2076 habere,
1509 1980 1620 2059 donec
1633 1981 1753 2079 fidem
1771 1997 1804 2060 ct
1820 1988 1955 2062 bonam
1972 1983 2249 2062 Conscientiam

692 2097 700 2108 ‘
1257 2085 1461 2160 retinemus.
1493 2087 1559 2160 Et
1575 2084 1644 2159 boe
1660 2091 1778 2182 ipsum
1799 2115 1875 2162 uon
1893 2094 1970 2163 sine
1993 2093 2185 2163 certamine
2206 2093 2248 2163 fit

1257 2190 1296 2258 in
1318 2191 1458 2266 animis.
1507 2189 1653 2262 Mittam
1673 2191 1783 2280 igitur
1803 2194 1871 2262 tibi
1891 2194 2149 2285 longiusculam
2169 2193 2249 2266 Re-

1254 2292 1494 2382 sponsionem.
1544 2289 1634 2361 Nam
1657 2291 1694 2362 id
1710 2287 1928 2364 Ioachimus
1944 2317 2085 2388 quoque
2107 2289 2248 2386 petiiit,

1254 2393 1318 2485 qui
1341 2395 1447 2464 etiam
1468 2415 1530 2464 sua
1553 2415 1654 2462 causa
1671 2393 1811 2466 dicebat
1830 2418 1867 2466 se
1884 2397 2154 2494 explicationem
2179 2397 2249 2466 tla-

213 2509 281 2586 no.
297 2511 410 2584 sose.
1046 2519 1079 2586 4.
1093 2513 1179 2580 nat.
1254 2494 1376 2583 citare·

219 2605 392 2638 *ἢ*
1025 2605 1198 2636 “²⁹
1356 2592 1463 2665 Nunc
1495 2595 1605 2685 igitur
1624 2595 1807 2686 ingredior
1828 2593 2069 2684 Wimariam,
2099 2611 2248 2668 vocatus

552 2705 606 2797 V·
638 2709 873 2796 Theodoro·
1254 2695 1299 2766 de
1313 2695 1458 2786 negocio
1476 2695 1636 2768 Tutelae.
1686 2694 1730 2766 ln
1751 2692 1820 2767 boc
1842 2697 1971 2769 itinere
1985 2699 2168 2772 adornabo
2188 2723 2249 2770 re-

282 2869 608 3014 Epgqtogibi·1g·5g5.¹9l
628 2889 689 2947 “tt-
705 2901 739 2916 ·
787 2871 839 2932 ¹¹⁵⁶
857 2892 888 2930 ²¹
907 2873 1074 2947 autographo
1092 2873 1121 2930 3¹¹
1139 2873 1203 2932 ⁶⁰³·
1253 2797 1492 2986 spadonem?
1541 2795 1641 2870 Bene
1656 2799 1746 2874 vale.
1765 2794 2197 2996 Psslleipssultlffilfflhon·

212 3093 268 3166 1).
285 3089 331 3169 V
334 3093 370 3166 it
378 3120 399 3168 o
414 3091 676 3182 Theodoro,
701 3092 996 3216 docentiEvang.
1011 3040 1201 3190 indecies.

614 3193 812 3296 N⁰”·⁶‘'⁶'·
1251 3261 1320 3337 uo.
1334 3263 1450 3344 coss.
2073 3273 2125 3353 (4.
2141 3272 2248 3355 usa.)

211 3309 257 3400 S·
283 3331 329 3404 D.
378 3325 524 3401 Accedit
538 3325 628 3400 mibi
647 3335 691 3401 ad
707 3333 931 3428 quotidianas
945 3335 1202 3425 occupationes,
1256 3353 1429 3388 Μ
2065 3363 2242 3396 Μ

214 3454 304 3524 quae
330 3443 364 3501 et
384 3431 516 3502 multae
539 3443 640 3517 sunt,
666 3446 701 3502 et
715 3435 798 3504 satis
813 3435 999 3519 molestae,
1023 3435 1125 3506 labor
1142 3461 1200 3506 re-
1515 3441 1674 3531 Joach,
1708 3441 1968 3538 camerario,

214 3532 368 3602 cudendi
382 3533 479 3604 locos
487 3527 741 3624 Tbeologicos,
756 3533 819 3627 qui
833 3559 929 3606 nuuc
941 3537 1096 3607 eduntur
1110 3537 1199 3607 nbc-

213 3632 325 3701 riores
348 3648 381 3704 et
403 3635 600 3707 nitidiores.
649 3633 742 3704 Nolo
767 3637 862 3704 enim
883 3661 994 3707 uovos
1017 3637 1127 3709 libros
1140 3639 1200 3708 in·

214 3733 370 3804 allum·
420 3732 495 3803 ³³⁸
518 3731 708 3806 Melh⁰d⁰⁸
727 3733 867 3808 ΜΘΗ*
888 3741 1100 3810 ”mmihi
1118 3765 1199 3832 ΡΠ·
1250 3753 1476 3836 Clarissimo
1501 3762 1579 3834 vira
1600 3757 1802 3838 eruditione
1826 3775 1859 3837 et
1885 3766 2014 3838 virtute
2032 3773 2250 3867 praestanti

213 3833 327 3924 polire
342 3834 458 3925 cupio.
505 3831 598 3912 Nam
616 3835 792 3908 iuventuti
809 3863 898 3930 opus
913 3854 1011 3912 estet
1026 3837 1200 3912 Metlrodo
1249 3859 1495 3937 [oachim
1527 3858 1804 3940 Camerario
1831 3862 2075 3964 Pabcrgensi,
2121 3873 2245 3944 amico

214 3933 348 4028 aliqua,
365 3947 399 4006 et
414 3935 557 4028 propria
572 3937 815 4028 explicationis
830 3943 954 4029 sorma,
969 3955 1002 4013 et
1016 3943 1118 4013 metis
1128 3945 1202 4013 dis-
1486 3991 1555 4038 sm,
1579 3966 1792 4051 mmmm
1823 3961 2000 4068 Lipsiae,

211 4038 449 4126 putationum.
498 4032 552 4108 Ac
573 4035 663 4110 mibi
686 4042 783 4111 testis
806 4058 856 4113 est
876 4041 989 4124 Deus,
1026 4057 1103 4114 toto
1132 4040 1200 4114 boc

213 4138 384 4209 decennio
412 4151 447 4207 et
467 4141 580 4210 multo
603 4155 683 4211 ante
704 4143 890 4232 praecipue
909 4169 967 4212 me
988 4139 1056 4214 boc
1080 4145 1202 4233 egisse,

212 4247 254 4306 ut
269 4237 388 4332 aliqua
403 4237 590 4309 mediocris
605 4243 786 4312 doctrinae
803 4237 1037 4336 ὖποτόμωσις
1052 4245 1132 4314 talis
1142 4269 1202 4314 cx-

213 4350 314 4408 taret.
365 4335 438 4408 Nec
454 4351 492 4408 tu
518 4317 676 4426 igdoras,
701 4358 874 4436 quantum
890 4345 1148 4414 calumniarum
1161 4369 1200 4415 ac

213 4437 453 4529 suspicionum
473 4439 558 4510 inde
573 4444 666 4533 apud
684 4464 741 4514 eos
757 4459 873 4517 ortum
890 4445 955 4532 sit,
971 4447 1033 4541 qui
1049 4469 1104 4516 me
1121 4471 1202 4538 prc-

429 2143 565 2230 (Desiuit
575 2147 627 2212 bio
639 2145 848 2230 apographum
864 2142 1001 2228 Benaci.)

1339 3601 1426 3678 Epist.
1440 3605 1473 3661 44
1486 3604 1625 3663 amasse.
1638 3625 1667 3681 p.
1680 3609 1745 3666 css.
1764 3609 1819 3679 (44.
1833 3611 1925 3666 aona.
1939 3610 1988 3666 tv.
2001 3608 2137 3684 44444444
2265 3575 2270 3589 “

1248 4075 1293 4166 S.
1318 4099 1365 4174 D.
1396 4095 1604 4193 'Expectari
1626 4127 1684 4173 me
1704 4103 1809 4175 avide
1832 4127 1852 4174 4
1873 4118 1907 4176 te
1921 4105 2103 4194 existimo,
2128 4120 2165 4180 et
2179 4111 2245 4180 de-

1250 4199 1382 4270 siderio
1401 4212 1544 4272 tuorum
1569 4199 1770 4276 sermonum
1793 4206 1869 4297 ipse
1891 4204 2244 4287 teneorvebementi.

1251 4299 1322 4371 Sed
1338 4315 1482 4372 vocatus
1503 4295 1742 4374 Wmariam
1756 4309 1800 4377 de
1816 4305 1966 4378 Tutelae
1987 4312 2154 4402 negocio,
2178 4337 2245 4405 per

1251 4399 1390 4474 Salinas
1412 4404 1526 4474 lacere
1549 4405 1617 4474 iter
1635 4429 1758 4496 cogor,
1782 4419 1824 4478 ut
1847 4409 1899 4480 ibi
1918 4411 2096 4502 explorem
2112 4413 2245 4484 volun-

1253 4517 1356 4574 tatem
1379 4517 1521 4574 senatus
1542 4507 1586 4576 de
1601 4510 1750 4598 pecunia
1773 4511 1867 4600 apud
1890 4535 1970 4582 eum
1986 4525 2147 4585 senatum
2165 4517 2243 4584 col-

315 4639 385 4711 Sed
403 4643 508 4712 redeo
528 4643 571 4712 ad
587 4643 800 4730 institutum,
820 4649 904 4717 dum
922 4662 1110 4738 occupatus
1123 4675 1201 4768 sum
1252 4605 1894 4801 fffflsserffluffb'sslvpssffiff
1913 4625 2090 4801 3⁰33an
2109 4618 2243 4788 :3323

162 4838 167 4850 ·
212 4733 281 4809 *¹⁰⁰
311 4753 468 4835 lemme
496 4761 607 4834 magn
632 4769 738 4840 qum
761 4747 867 4833 Μ’
898 4773 1040 4838 ⁸⁰gn¹⁰⁸
1064 4765 1202 4822 mmm
1253 4807 1427 4880 illiteratis
1442 4811 1613 4898 negociis,
1638 4812 1746 4904 idque
1760 4815 1872 4903 magis
1890 4815 1929 4884 fit
1946 4814 1985 4882 in
2000 4809 2067 4886 hac
2082 4817 2241 4904 natione,

1252 4933 1342 5001 quae
1363 4909 1483 4978 omnia
1505 4912 1576 5001 agit
1595 4909 1965 5008 πλεονεκτικώτερον,
1992 4941 2098 5010 quam
2123 4923 2240 4991 nostri

246 5045 352 5128 *114444
373 5077 464 5114 mense
483 5060 525 5116 Au
547 5099 555 5116 .
574 5062 639 5116 suoi
663 5061 738 5119 1511.
757 5063 938 5132 barbarossa,
963 5064 1095 5123 'lurcicas
1115 5067 1202 5140 Lega-
1250 5003 1411 5106 malms
1427 5007 1611 5086 Germani·
1662 5011 1746 5085 Ideo
1768 5017 1994 5136 cuufflssaqlur
2010 5020 2239 5137 flebildfflm

281 5137 324 5178 tus
353 5129 523 5184 accerdtuss
561 5129 729 5202 cqeGalliae,
749 5151 812 5188 cum
827 5134 911 5188 classe
926 5137 1078 5190 etesercito
1097 5151 1202 5191 venerat
1251 5111 1494 5193 dlffifflllfllffl,
1516 5115 1613 5208 quod
1635 5115 1781 5188 tonsus
1797 5131 1903 5188 ellam
1919 5143 1958 5190 m
1972 5118 2158 5192 [liciatum
2177 5137 2238 5194 lm

280 5163 1201 5346 ''sgffi’ngffiffilfflffll'wsffl¹⁵:⁴m2etgpssssst4ffi·
1250 5213 1517 5322 ammadvertcs.
1574 5215 1645 5288 Sed
1672 5243 1736 5290 oro
1751 5215 1885 5304 Deum,
1910 5233 1953 5292 ut
1972 5221 2116 5318 utrique
2131 5219 2237 5294 scho-

279 5331 340 5386 tst.
356 5331 418 5386 asa.
1249 5317 1305 5388 lac
1319 5315 1630 5410 tranquillitatem,
1648 5321 1848 5392 studiomm
1859 5321 2085 5412 felicitatem,
2097 5339 2135 5397 et
2150 5351 2235 5398 cou-
