4670 5806
61 198 134 274 353
638 191 1082 276 uetstotatttlst
1139 191 1246 268 LIB.
1277 189 1341 264 lli.
1393 187 1524 272 1644.
1986 211 1989 219 '
2023 201 2099 278 854

62 397 162 458 mus,
195 385 229 444 et
250 373 370 444 literas
390 386 524 444 vestras
545 368 638 444 mihi
660 367 833 444 exhibuit.
886 368 1048 463 Supelle-
1102 387 1203 438 cerus
1226 365 1310 436 satis
1332 380 1503 441 accurate.
1557 363 1701 441 Auxilia
1721 369 1936 464 ¹Imperatori
1956 363 2098 444 Carolo
2171 445 2176 458 ,

62 476 179 544 ctilem
209 475 315 546 etiarn
345 477 384 546 in
405 473 581 568 Collegio,
612 475 651 544 in
676 470 916 558 habitatione,
958 494 1047 566 quae
1100 467 1713 562 promissasuntads·ersusGallum;
1729 489 2090 567 posteasccutaesunt

61 577 567 668 filiumcxpeetat,eollocavit.
610 575 745 648 Filium
760 577 854 669 apud
870 597 931 645 vos
945 596 1047 644 man·
1100 573 1372 644 deliberationes
1415 574 1458 641 de
1499 597 1584 672 paee
1624 577 1827 668 principum
1865 573 2097 674 Germaniae.

61 680 142 750 sisse
163 677 282 750 subito
304 680 423 775 inquit
443 681 591 750 consilio
607 693 743 765 vestro,
769 682 814 748 de
837 701 908 771 quo
931 671 1047 746 adhuc
1101 673 1201 764 Quid
1225 678 1394 746 adversus
1423 673 1561 748 Turcos
1587 679 1803 750 auxiliorum
1834 680 1979 750 missuri
2012 683 2086 756 sint

62 781 222 852 statuetis
239 796 353 852 vestro
373 782 535 853 arbitrio.
587 776 680 852 Ante
698 782 881 852 octiduum
896 777 1048 850 Senator
1100 780 1262 848 nondum
1294 777 1444 860 scimus,
1482 779 1544 846 sed
1576 794 1734 870 exspecto
1768 783 1929 874 quotidie
1962 785 2082 856 literas

61 882 275 953 Lubecensis
299 880 370 954 hue
391 884 606 978 peculiarem
626 883 799 956 nuncium
817 883 978 962 miserat,
1007 893 1048 952 ut
1099 877 1197 949 Bene
1219 881 1310 953 vale.
1365 878 1472 950 Mitto
1494 880 1561 949 tibi
1584 882 1769 973 pagellam.
1820 882 1911 954 Nam
1935 899 1974 956 tu
1994 887 2091 958 solus

61 986 173 1054 lilium
208 1000 302 1057 certo
335 983 558 1079 Praeceptori
595 987 867 1060 commendaret.
933 981 1047 1066 suasi,
1099 977 1192 1050 mihi
1213 1007 1278 1074 pro
1303 975 1370 1050 hoc
1391 1003 1516 1069 genere
1527 978 1831 1055 'munusculorum
1854 988 1981 1077 gratias
2004 989 2091 1079 agis,

62 1102 99 1158 ut
128 1087 323 1160 solstitium
352 1103 531 1182 expectet,
581 1089 677 1184 quod
716 1089 788 1158 iam
818 1109 893 1158 non
923 1085 1047 1180 procul
1100 1084 1205 1156 multi
1220 1085 1283 1154 alii
1300 1081 1456 1153 fortassis
1473 1083 1577 1153 etiam
1595 1101 1847 1174 contemnunt,
1871 1092 1930 1158 sed
1953 1091 2090 1161 utinam

61 1191 169 1264 abest.
1102 1185 1165 1255 din
1187 1189 1273 1256 tales
1297 1185 1449 1276 pagellas
1472 1178 1600 1256 habeat
1623 1185 1827 1264 Germania.
1878 1188 1976 1261 Bene
2000 1193 2090 1268 vale.

33 1345 40 1354 .
159 1290 336 1362 Fortassis
349 1291 492 1386 Lipsiae
506 1293 762 1386 colloquemur.
795 1287 864 1362 Dei
880 1289 1048 1360 beneficio
1102 1285 1169 1358 Die
1187 1289 1222 1362 7.
1239 1283 1375 1379 Aprilis
1392 1283 1490 1360 1544
1844 1287 1939 1367 Phil.
1960 1291 2048 1367 Mel.

59 1385 354 1490 Chrislophorus
376 1407 468 1464 recte
484 1395 596 1475 valet,
621 1407 655 1464 et
673 1395 813 1487 placent
827 1390 1051 1484 Praeceptori

62 1491 204 1566 etmihi
228 1519 345 1564 mores
365 1509 400 1566 et
415 1497 531 1568 studia
550 1497 637 1569 eius.
689 1491 769 1566 Oro
786 1507 904 1566 autem
917 1493 1051 1564 Filium

62 1597 143 1681 Dei,
169 1595 370 1666 Dominum
393 1612 556 1680 nostrum
578 1596 693 1666 lesum
708 1593 911 1681 Christum,
937 1595 1053 1666 eruci·
1122 1632 1189 1706 No·
1204 1634 1307 1708 2906

62 1701 166 1768 hasim
186 1723 250 1790 pro
268 1699 373 1768 nobis
391 1713 426 1770 et
441 1699 707 1782 resuscitatum,
736 1699 799 1792 qui
816 1721 896 1777 vere
919 1711 970 1766 est
990 1721 1052 1765 cu-
1111 1689 1324 1768 κ-νκᾷ

64 1815 130 1870 stoa
152 1800 399 1870 invocantium
424 1801 557 1892 ipsum,
581 1815 622 1870 ut
646 1814 759 1870 servet
781 1799 976 1869 incolumes
991 1820 1053 1866 vos
1497 1785 1532 1870 l.
1560 1785 1707 1871 Ionae.

62 1917 260 1974 etvestros.
311 1899 360 1971 Et
385 1916 499 1972 servet
511 1897 687 1972 Ecclesiae
705 1925 786 1998 suas
811 1916 844 1972 et
857 1901 977 1994 aliqua
995 1923 1054 1967 ea·
1172 1921 1471 1994 np;.s,1;1.,v,p‚102
1490 1946 1533 1998 ,sp
1560 1959 1596 1971 ,,
1642 1927 1850 2006 Editaquoqoe
1877 1933 2102 1992 :castrensia

63 2029 139 2074 rum
171 1999 349 2094 hospitia,
385 2017 421 2072 et
454 2017 676 2074 serratorum
710 2025 784 2073 esse
815 2027 890 2073 non
917 2002 1054 2083 dubito,
1179 1992 1326 2062 ,epistolis
1339 1992 1439 2086 ⁶¹⁸1&
1453 1996 1539 2053 viror.
1551 2015 1578 2067 Ρ·
1594 1999 1638 2053 93.
1889 2075 1895 2090 Ι

61 2105 333 2196 etiamsiRegna
347 2105 443 2173 varie
458 2106 787 2180 tumultuabuntur.
838 2103 935 2176 Bene
952 2117 987 2172 et
1002 2105 1054 2170 lc·
1446 2125 1553 2202 1352
1563 2157 1584 2202 0
1611 2129 1772 2206 Ionae·
1841 2127 1845 2136 ’

67 2208 177 2278 liciter
191 2209 317 2278 valete.
350 2203 386 2279 6.
401 2207 459 2274 die
475 2203 619 2298 Aprilis.

173 2310 285 2380 Mitto
302 2311 404 2379 vobis
420 2309 585 2402 pagellas.

1107 1493 2089 1526 mm

1964 1647 2101 1766 Q

1109 2237 1153 2328 S·
1172 2259 1216 2334 D.
1269 2261 1395 2334 Scribo
1417 2267 1617 2358 simpliciss.
1640 2269 1781 2356 animo,
1820 2269 1913 2342 nihil
1944 2278 2016 2348 filio
2040 2305 2103 2372 pa·

1111 2363 1303 2434 trocinans.
1362 2365 1454 2436 Nam
1474 2393 1556 2438 mox
1580 2369 1654 2461 ipse
1678 2373 1810 2462 poteris
1838 2379 1957 2448 omnia
1983 2405 2102 2451 coram

1111 2465 1304 2554 explorare.
1341 2465 1389 2538 Et
1406 2471 1450 2538 de
1465 2493 1575 2540 avena
1593 2485 1627 2541 et
1642 2473 1686 2542 de
1700 2473 1807 2561 lignis
1822 2475 1915 2546 lilius
1929 2504 2102 2552 summam

79 2615 305 2626 mmm
314 2616 1052 2632 ww
1112 2565 1332 2658 diligentiam
1349 2572 1533 2661 praestitit.
1583 2569 1632 2643 Et
1647 2597 1724 2643 sum
1741 2575 1773 2643 ei
1792 2571 1968 2667 hortator,
1994 2585 2103 2654 ut‘t'i-

654 2672 661 2684 '
1112 2668 1151 2737 bi
1165 2671 1332 2741 omnibus
1349 2671 1387 2740 in
1401 2674 1509 2742 rebus
1524 2675 1781 2746 studiosissime
1798 2681 2027 2772 obtemperet,
2043 2711 2103 2756 eo-

71 2749 264 2828 No.2905.
913 2753 1041 2839 Μυῒ·
1113 2793 1182 2863 que
1198 2773 1282 2842 duci
1296 2796 1378 2842 eum
1394 2797 1457 2845 sua
1476 2776 1659 2846 voluntate
1676 2773 1842 2875 video*).
1893 2781 2009 2856 Deum
2026 2811 2104 2874 oro,
2200 2813 2203 2818 ·

76 2850 247 2879 m
882 2851 1053 2882 w

397 2917 437 3006 G
488 2919 523 3007 S
582 2921 600 3004 l
660 2925 667 2942 ,
1113 2885 1155 2942 ut
1170 2872 1287 2965 ipsum
1301 2888 1336 2945 et
1350 2875 1551 2954 universam
1575 2878 1793 2948 iuventutem
1816 2883 1999 2971 gubernet.
2049 2887 2105 2960 Ex

368 2926 385 3025 (
438 2983 449 3006 ·
519 2951 579 3032 Pa
600 2919 763 3032 aum)
1114 2989 1290 3046 conventu
1312 2977 1435 3047 scribit
1459 2979 1504 3046 ad
1526 3002 1582 3045 me
1607 2973 1772 3050 Bucerus
1796 2997 1899 3059 certa.
1959 2984 2105 3062 Auxilia

1113 3077 1286 3167 promissa
1308 3093 1391 3149 sunt
1421 3077 1650 3171 Imperatori,
1688 3083 1743 3151 vel
1767 3085 1934 3156 adversus
1958 3089 1991 3160 T
1994 3117 2105 3174 urcas,

1114 3179 1170 3245 vel
1183 3181 1350 3249 adversus
1361 3175 1484 3250 Gallos
1501 3183 1677 3252 ducenda:
1702 3181 2106 3275 ImperatorGermanos
2144 3251 2148 3258 .
2202 3211 2207 3222 ·

493 3249 546 3330 Ν·
573 3249 625 3330 Ν·
876 3283 879 3288 ’
917 3345 925 3362 κ
1114 3281 1249 3350 mavult
1273 3283 1441 3350 adversus
1465 3281 1748 3357 Gallos'durcre.
1807 3285 1987 3362 Adversus
2009 3295 2107 3366 Tur-

71 3383 153 3450 (llam
168 3384 253 3438 dubie
268 3383 390 3466 wast'o
404 3381 572 3450 Spaniam
594 3381 865 3465 ‚vidgetht-„Menst
883 3381 966 3436 Mars.
987 3381 1060 3438 sert·
1114 3404 1171 3450 eas
1193 3382 1296 3452 fratri
1321 3385 1453 3454 dicitur
1478 3382 1616 3455 Italicas
1637 3385 1755 3476 copias
1776 3389 1971 3467 additurus.
2025 3395 2108 3467 Ma-

179 3453 333 3528 ptam,ubr
348 3453 381 3507 de
396 3453 494 3507 eodem
510 3463 620 3524 negotio
633 3451 771 3506 Hirsleldn
786 3469 879 3505 sermo
894 3454 958 3516 aab)
1113 3505 1222 3572 gnum
1246 3486 1394 3554 omnino
1416 3485 1550 3556 benum
1574 3488 1771 3578 impendet,
1798 3505 1832 3560 et
1850 3517 1994 3583 magnae
2011 3499 2108 3568 diffi-

73 3552 110 3642 S·
131 3575 175 3646 D.
230 3567 1059 3670 Matthaeum¹)noneotantumdiligo,qm'a
1114 3587 1260 3656 cultates
1284 3585 1514 3672 Politiarum,
1542 3601 1632 3680 'quas
1657 3591 1912 3679 anteferamus,
1945 3612 1978 3669 et
2000 3599 2107 3670 finem

74 3677 282 3748 industriam
298 3691 333 3748 et
347 3678 566 3750 sedulitatem
583 3675 658 3746 eius
673 3676 797 3764 probo,
818 3695 946 3762 magno
963 3675 1059 3743 enim
1111 3689 1239 3756 mundi
1273 3689 1404 3758 iustam
1434 3690 1714 3766 meminerimus,
1777 3691 1855 3782 Ego
1887 3721 1944 3765 me
1978 3689 2108 3772 usstagg,

75 3781 170 3850 nobis
195 3779 277 3848 castri
300 3779 390 3862 luit,
414 3780 475 3848 sed
499 3778 611 3848 multo
629 3775 740 3864 magis
753 3789 898 3866 propter
913 3788 1059 3844 naturae
1112 3789 1352 3858 consolatione
1373 3791 1445 3859 sola
1463 3803 1642 3876 sustento,
1676 3796 1772 3885 quod
1794 3793 1870 3864 Deo
1895 3801 1966 3869 scio
1983 3799 2108 3872 Eccle-

74 3895 170 3974 atque
185 3881 299 3950 animi
317 3881 526 3964 candorem,
558 3879 795 3968 integritatem
820 3889 854 3944 et
875 3876 1058 3945 rectitudi-
1111 3889 1420 3964 siamcumeesse,
1472 3891 1571 3962 Bene
1591 3895 1678 3962 vale.
1719 3897 1755 3967 7.
1771 3893 1918 3986 Aprilis.

76 4006 158 4055 nem.
222 3977 320 4052 Nihil
343 3983 382 4050 in
404 4007 444 4054 eo
467 3980 559 4064 suci,
585 3977 678 4050 nihil
699 3977 966 4047 malevolentiae
988 4001 1057 4045 un-
1621 3989 1811 4086 Philippus
1828 3995 2054 4074 Melanthm„

75 4109 173 4176 qnam
204 4084 459 4168 animadverti,
493 4107 584 4177 quae
612 4096 724 4174 pestes
754 4103 856 4170 saepe
887 4080 992 4149 etiam
1018 4079 1055 4146 in

76 4188 205 4276 magnis
230 4199 265 4254 et
282 4186 541 4274 praestantibus
563 4183 713 4274 ingeniis
728 4176 885 4255 haerent.
936 4178 1056 4266 Quare
1115 4175 1161 4188 ‘-

76 4291 260 4378 quodcum
279 4287 414 4374 diligis,
439 4287 552 4378 probo
570 4300 670 4356 tunm
686 4283 869 4355 iudicium.
922 4277 1055 4350 Osten-
1121 4301 1187 4372 No,
1201 4301 1314 4377 2907,

76 4387 106 4454 di
129 4391 180 4474 ei,
215 4412 313 4478 posse
335 4413 414 4456 eum
438 4389 616 4476 surrogari
648 4386 782 4456 iamed
807 4378 983 4476 pascha²)
1007 4383 1058 4468 ei,
1111 4401 1320 4474 &N

75 4491 130 4580 qni
146 4492 279 4560 liberos
294 4485 339 4561 D.
349 4483 558 4588 Hirssclds'i
571 4493 681 4558 docet.
734 4487 804 4557 Sed
817 4481 961 4555 'mallem
975 4509 1056 4554 eum
1363 4485 1546 4570 Alberto
1561 4484 1680 4571 Daci
1695 4485 1843 4572 Prae&

77 4593 224 4682 accipere
248 4591 466 4660 functionem
491 4590 778 4672 ecclesiasticam,
805 4603 838 4659 et
860 4588 1056 4658 detuleram

79 4687 400 4790 Suinsordianam,
425 4696 485 4762 sed
505 4689 595 4762 hanc
610 4715 685 4762 non
699 4692 842 4780 accepit.
891 4688 962 4759 Nec
982 4689 1056 4756 val·
1637 4764 1641 4772 ,
1668 4761 1676 4778 ,
1821 4764 1828 4780 ,

78 4795 115 4860 de
131 4791 349 4886 reprehendo
364 4792 432 4865 hoc
447 4797 521 4864 eius
539 4795 737 4865 consilium.
778 4784 1056 4888 DeHirsseldio
1334 4755 1494 4832 ‘mm
1504 4787 1543 4850 ⁰2
1569 4758 1672 4832 ΠΜ
1687 4758 1879 4834 Brumae·

79 4895 309 4966 deliberamus
325 4911 358 4966 et
374 4893 462 4966 mihi
482 4907 634 4966 restrum
657 4895 828 4965 iudicium
844 4893 1056 4982 significaui-
1107 4869 1151 4962 S.
1178 4891 1221 4968 D.
1275 4893 1516 4966 lllustrissimc
1538 4895 1725 4988 Princeps,
1756 4895 1910 4968 Domine
1935 4898 2099 4974 Clemen-

80 4997 126 5064 tis.
178 4998 218 5068 ln
234 5014 410 5069 corrrentu
428 4999 511 5090 quid
527 5009 667 5085 agatur,
694 4995 833 5086 scripsit
849 4995 892 5062 ad
910 4988 1056 5060 mellu-
1108 4997 1250 5069 tissime.
1289 4995 1379 5067 Cum
1394 4999 1521 5069 alteras
1536 4999 1656 5069 literas
1672 5000 1742 5068 iam
1761 5002 2098 5091 scripsissem,Sar-

808 2405 1007 2502 Philippus.

132 3070 150 3136 †
171 3065 210 3120 Ex
231 3081 325 3137 apogr.
345 3063 373 3118 in
392 3064 455 3120 eod.
474 3063 573 3120 Dresd.
600 3065 634 3120 G.
649 3065 706 3120 tto.
724 3083 751 3138 p.
764 3061 815 3118 fib.
836 3082 880 3136 ep.
893 3063 919 3119 9.
943 3063 1060 3118 acerr-

165 3135 256 3189 dorlio
271 3135 414 3206 descripta.

1974 4319 2104 4435 Q

1211 4628 1289 4684 Edita
1303 4647 1318 4684 a
1333 4628 1421 4682 Fabro
1436 4628 1464 4682 in
1480 4627 1558 4702 epist.
1571 4647 1599 4702 p.
1615 4630 1659 4684 80.
1674 4648 1716 4702 ep.
1728 4630 1770 4687 ΙΙ.

82 5182 273 5198 -ῢ--ι-ιιιιι-σ-ι-

113 5291 136 5356 l)
155 5291 278 5352 Fortasse
292 5291 387 5346 lllattb.
403 5289 546 5344 Pulcrum.
1145 5297 1173 5366 *j
1195 5297 1236 5350 De
1257 5294 1438 5350 inobedientia
1460 5295 1526 5349 lusti
1541 5295 1637 5367 lonae,
1652 5294 1719 5358 lilii,
1738 5295 1861 5350 rideatur
1880 5295 1959 5350 etiam
1983 5317 2024 5368 ep.
2038 5303 2097 5356 Lu.
2116 5291 2130 5305 ’

113 5377 139 5442 2)
158 5378 186 5430 ln
201 5395 291 5448 apogr.
305 5395 401 5442 pam.
1180 5365 1247 5432 theri
1262 5365 1295 5418 ad
1310 5363 1405 5418 lanam
1418 5365 1444 5419 d.
1458 5365 1484 5420 d.
1498 5364 1543 5421 80.
1550 5361 1643 5436 septb.
1655 5363 1731 5420 rats.
1751 5365 1799 5431 (de
1809 5363 1903 5420 wau
1918 5363 1951 5428 V,
1965 5385 1991 5438 p.
2005 5369 2078 5439 591.)

85 5451 246 5520 llatattrtt.
261 5457 362 5522 Oen.
390 5457 473 5520 Vos..
485 5455 529 5518 V.
1281 5439 1329 5508 23
