4754 5806
229 167 280 242 aa
812 163 1250 252 urtsronauuu
1300 178 1411 282 cru.
1442 183 1510 265 uc
1556 183 1693 264 isco.
2220 195 2270 270 n

231 333 462 465 Q
546 413 556 452 ·'
1061 353 1140 424 Ἃ·
1154 349 1221 422 1⁸¹²·
1278 369 1386 444 regat,
1435 354 1638 459 Benevole-
1688 357 1756 432 Die
1771 357 2031 434 conversionis
2045 361 2161 436 Pauli.
2212 362 2270 436 Si-

573 519 884 612 Auditoribm·
1083 445 1224 477 w»
1278 457 1423 548 gnifica,
1448 483 1495 530 an
1510 455 1786 548 Enarrationem
1800 461 1961 548 Danielis
1974 467 2159 558 acceperis,

163 741 166 749 .
302 705 408 778 Scripta
418 703 495 778 publ.
508 697 633 760 Witteb.
647 701 671 760 l.
690 721 718 778 p.
733 703 803 762 tes.
815 715 842 762 ῃ
853 703 949 780 ΕΜ..
962 709 1032 768 Md·
1050 731 1078 786 p·
1091 713 1138 776 π.
2024 591 2121 674 Phtl.
2134 593 2224 669 Mel.

356 857 419 934 De
435 857 582 960 ecclipsi
596 853 655 932 die
670 851 806 934 Lunae
819 863 882 936 st.
897 859 987 978 Ian.
1004 865 1114 950 1548.
1279 921 1347 996 No·
1361 924 1476 1000 2623·
2135 938 2193 1004 25,
2209 931 2276 998 Ian.

589 1003 882 1122 (Auditonibus.)
1205 1013 1207 1022 '
1286 1021 1459 1054 *θ’
1558 1029 1566 1048 “

237 1119 410 1216 Obscura
425 1145 538 1214 donec
556 1143 688 1234 tegitur
702 1145 851 1236 caligine
868 1143 1042 1242 phoebus,
1061 1191 1064 1198 ·
1439 1133 1442 1138 ⁵
1681 1089 1852 1176 Eidem·
1911 1140 1914 1156 '
2295 1067 2365 1261 l

245 1269 250 1278 ·
284 1245 441 1320 Usnrurn
453 1269 519 1316 nec
533 1245 593 1315 dat
607 1245 755 1317 luminis
769 1249 846 1335 sui,
1382 1257 1469 1334 Epist
1483 1259 1532 1316 lis.
1544 1255 1591 1318 lv.
1608 1279 1637 1334 p.
1652 1263 1703 1320 159
1711 1283 1754 1339 ng

236 1341 391 1418 Auditor
405 1349 505 1418 luctu
520 1367 623 1416 veros
637 1350 784 1420 ostende
799 1349 957 1436 dolores,
1476 1416 1485 1438 ,
1949 1417 1958 1436 ,
1990 1419 1998 1436 ,

287 1445 406 1544 thue
420 1445 518 1520 Deus
530 1469 661 1540 poenas
675 1449 833 1540 mitiget,
858 1453 948 1522 adde
964 1473 1094 1544 preces.
1112 1484 1115 1492 ¹
1423 1412 1470 1492 V
1467 1426 1504 1491 ’ἰ
1511 1441 1533 1490 ⁰
1557 1413 1597 1490 T
1602 1413 1655 1491 Μ
1662 1415 1722 1491 ⁰d
1726 1444 1748 1492 ⁰
1755 1443 1776 1493 Γ
1782 1443 1824 1509 ⁰2
1854 1413 2137 1514 N⁰V¹Mb⁶78⁰0·

238 1545 274 1621 0
290 1549 463 1622 mittenda
476 1549 586 1640 igitur
601 1573 698 1620 nunc
716 1564 768 1622 est
782 1553 971 1644 praelectio
988 1555 1108 1641 nobis,
1279 1525 1425 1638 Video,
1449 1549 1504 1622 Te
1518 1551 1561 1622 de
1573 1547 1804 1649 Hieronymo
1819 1545 1969 1644 Wolfio
1990 1551 2168 1624 solicitum
2191 1575 2278 1636 esse,

286 1649 373 1724 Cras
387 1676 472 1724 vero
486 1664 528 1724 ut
543 1651 663 1725 redeat
675 1651 804 1724 laetior
820 1649 909 1726 hora
924 1679 1060 1748 precor.
1281 1660 1316 1720 et
1338 1651 1446 1724 lando
1469 1653 1638 1730 osticium.
1687 1653 1759 1726 Sed
1780 1655 1868 1726 scito
1891 1677 1972 1724 eum
1996 1655 2278 1744 gubernaturum

578 1759 586 1778 ⁴
1282 1773 1355 1823 esse
1370 1748 1539 1825 Scholam
1553 1749 1820 1831 Molhnsanam.
1871 1749 1921 1826 Et
1938 1755 2125 1827 accersitus
2140 1749 2279 1824 estho-

1281 1867 1383 1924 nesto
1405 1855 1595 1947 stipendio.
1646 1851 1814 1949 Optarim
1833 1869 1970 1943 autem,
2000 1879 2082 1927 enm
2106 1868 2278 1926 nontam

485 1973 489 1982 ·
1282 1953 1352 2024 cito
1366 1949 1451 2026 hinc
1465 1954 1680 2044 discessisse,
1700 1981 1766 2030 nec
1780 1971 1855 2028 crat
1866 1957 2032 2029 festinato
2046 1979 2146 2050 opus.
2182 1953 2279 2026 Nam

223 2041 316 2125 .N⁰·
330 2037 446 2116 2627·
610 2113 616 2128 ,
1281 2068 1362 2148 post
1384 2057 1460 2128 eius
1482 2055 1673 2128 discessum
1694 2057 1913 2150 scripserunt
1932 2059 1978 2128 ad
1999 2082 2058 2128 mc
2071 2055 2280 2148 Norlingia-

240 2137 455 2195 W
1051 2141 1224 2174 Μ
1282 2179 1402 2228 censes
1446 2171 1482 2229 et
1522 2159 1700 2230 etiverunt
1711 2161 1806 2232 mitti
1828 2154 2012 2228 hominem
2034 2159 2205 2230 idoneum
2229 2161 2278 2228 ad

543 2217 649 2312 7⁸3⁰
682 2221 920 2311 Ήῑθθᾶθνθ·
1282 2210 1433 2330 Schola’e
1453 2182 1758 2350 mbemanonem.
1806 2257 1876 2330 His
1893 2259 2067 2332 misissem
2084 2255 2276 2354 Hierony-

304 2399 393 2474 ΒΜ
405 2381 519 2460 mv·
537 2417 567 2475 p·
581 2401 633 2458 168
641 2419 683 2478 q·
1281 2383 1402 2441 mum,
1424 2359 1455 2430 si
1471 2361 1653 2436 adfuisset.
1702 2359 1809 2432 Nunc
1826 2361 1938 2432 aliurn
1959 2361 2062 2434 mitto
2087 2361 2277 2446 iuniorem,

1283 2463 1344 2530 sed
1359 2461 1533 2553 optimum
1550 2457 1733 2532 hominem
1749 2457 1988 2538 Gotthanum.

436 2587 438 2590 ’
538 2553 649 2634 γῖἶθ
671 2553 929 2638 mmm·
1380 2589 1450 2664 Dei
1464 2593 1632 2666 beneficio
1649 2579 1794 2667 invenes
1806 2589 1991 2679 babemus,
2014 2592 2146 2664 virtute
2159 2605 2193 2663 et
2208 2595 2277 2664 dn-

237 2667 412 2764 Calendis
440 2685 623 2764 'ianuariis
655 2693 702 2766 ad
735 2692 790 2766 Te
820 2694 962 2788 scripsi,
999 2717 1041 2766 ac
1068 2692 1230 2770 Danielis
1282 2693 1415 2765 ctrinae
1448 2695 1640 2767 instructos
1662 2697 1815 2790 aliquot,
1851 2698 1913 2766 sed
1949 2708 2094 2788 propter
2123 2707 2276 2767 aetatem

237 2793 497 2884 enarrationem
518 2793 620 2882 misi;
654 2819 762 2890 qnam
787 2794 819 2867 si
840 2795 954 2888 leges,
986 2796 1229 2872 misericordia
1280 2797 1442 2866 nondum
1459 2797 1629 2868 videntur
1642 2797 1764 2868 idonei
1777 2795 2033 2870 functionibus.
2084 2789 2276 2888 Optimum

95 2929 100 2946 ·
236 2891 308 2964 mei
321 2894 505 2972 adficietis.
555 2889 735 2988 Agnosces
754 2897 869 2985 enim,
896 2897 1002 2970 nobis
1025 2894 1124 2996 nibil¹
1141 2925 1229 2974 con·
1280 2896 1464 2987 ingenium
1490 2913 1541 2970 est
1561 2900 1600 2968 in
1620 2891 1816 2970 Inachimo
1837 2889 2186 2996 Weissenselsensi,
2210 2897 2273 2990 qui

235 2997 313 3084 cedi
331 2996 500 3090 temporis
513 2995 559 3066 ad
574 2999 735 3070 ornanda
749 3023 806 3086 ea,
831 3023 922 3094 quae
937 3015 1228 3077 commentamur.
1280 2999 1326 3069 ad
1342 3023 1404 3075 vos
1419 2999 1676 3092 proficiscetur5
1708 3003 1769 3070 sed
1793 3000 1921 3070 vellem
1945 3011 2057 3069 aetate
2080 2999 2275 3069 robustiori

234 3096 307 3168 Nec
324 3121 386 3188 ego
402 3121 533 3194 queror
548 3087 753 3172 chcholae
768 3096 1053 3172 etEcclcsiarum
1066 3105 1228 3194 negotiis.
1280 3101 1375 3169 esse.'
1415 3097 1450 3169 Is
1472 3102 1636 3194 promisit
1657 3125 1693 3171 se
1718 3101 1763 3172 ad
1787 3124 1851 3171 vos
1872 3099 2111 3192 proiecturum
2125 3123 2216 3184 esse,
2243 3100 2273 3166 si

234 3193 430 3290 Sphingem
453 3221 602 3284 accuso,
634 3201 809 3296 quasilla
831 3199 908 3292 ipsa
931 3195 1082 3274 Scholae
1109 3202 1228 3277 etEc-
1280 3223 1336 3270 res
1350 3214 1402 3271 est
1425 3202 1562 3292 integra
1582 3197 1710 3274 adhuc.
1759 3197 1809 3272 Et
1833 3200 1865 3271 si
1886 3201 2002 3286 voles,
2035 3223 2117 3274 eum
2139 3199 2275 3282 venire,

235 3299 423 3370 clesiarum
442 3297 584 3390 negotia
599 3311 634 3372 el
654 3302 771 3374 studia
793 3315 916 3374 nostra
941 3325 1044 3396 saepe
1066 3303 1228 3398 impedit.
1279 3301 1493 3392 significabis
1508 3304 1545 3371 id
1560 3303 1730 3394 proximis
1751 3303 1876 3376 literis.
1910 3300 2001 3371 Nam
2020 3325 2117 3396 nunc
2134 3301 2273 3370 etiamsi
2363 3347 2364 3354 κ

232 3393 281 3472 Et
297 3413 416 3472 tamen
434 3401 465 3470 si
480 3424 539 3487 ea,
564 3423 655 3496 quae
668 3403 857 3476 scribimus
870 3417 1023 3496 prosunt
1035 3407 1081 3476 ad
1103 3430 1229 3480 accen·
1279 3403 1404 3490 vellet,
1442 3404 1622 3496 quomodo
1650 3416 1771 3496 posset
1792 3425 1856 3496 per
1878 3401 1988 3472 saltus
2009 3399 2208 3495 Hercynios
2230 3421 2272 3472 ac

232 3505 350 3572 denda
379 3502 550 3574 iuvenum
575 3500 714 3592 studia,
744 3504 803 3576 vel
829 3505 1088 3584 confirmandas
1115 3509 1228 3580 bonas
1279 3504 1361 3594 iuga
1386 3503 1531 3574 nivibus
1553 3515 1644 3574 tecta
1665 3505 1733 3574 iter
1754 3503 1881 3578 facere.
1931 3499 2120 3574 Rescribas
2153 3501 2273 3592 igitur.

233 3603 439 3696 opiniones,
464 3626 541 3674 non
555 3604 701 3694 moleste
717 3605 813 3695 sero,
837 3605 961 3678 venire
978 3629 1019 3678 ea
1039 3608 1081 3678 in
1102 3632 1228 3681 manus
1278 3602 1377 3698 Bene
1399 3605 1489 3681 vals.
1538 3601 1676 3676 Eodem
1692 3604 1763 3681 die.
1903 3651 1912 3686 κ,

232 3700 434 3782 hominum·
534 3749 539 3762 ¹
1795 3731 1985 3830 Philippus
1999 3729 2226 3810 Melanthea.
2362 3777 2363 3847 t

334 3836 474 3910 Literae
489 3829 857 3938 testimoninm)
870 3831 1090 3912 stomachum
1104 3861 1228 3913 move-

234 3953 338 4024 runt,
364 3940 462 4036 quod
477 3939 614 4012 indunt
629 3942 847 4013 mentionem
861 3942 957 4014 rixae
972 3936 1057 4039 περὶ
1072 3935 1227 4021 δείπνου

232 4044 425 4137 noscent.
483 4037 534 4112 Et
555 4041 683 4114 vellem
708 4041 763 4116 Te
784 4042 823 4113 in
847 4042 920 4114 illis
942 4044 1125 4114 mittendis
1147 4068 1227 4115 meo
1278 4067 1345 4145 No·
1359 4069 1474 4146 2629·
1629 4115 1636 4124 ,
2133 4077 2192 4144 25,
2207 4069 2272 4138 lan.

232 4165 338 4215 usum
366 4164 440 4214 esse
467 4140 630 4220 consilio.
687 4140 888 4214 Scriberem
910 4142 1032 4234 plura:
1072 4145 1134 4214 scd
1155 4143 1227 4214 iam
1284 4165 1458 4198 Μ
2128 4165 2271 4196 w*
2361 4227 2362 4230 ,

234 4267 341 4336 cogor
373 4243 420 4316 ad
450 4241 595 4336 longam
615 4236 782 4316 Aulicam
806 4239 1137 4338 Expostulationem
1169 4269 1227 4318 re-
1554 4238 1610 4324 H.
1633 4231 2000 4352 Baumgarlneitt.
2126 4259 2130 4266 '

233 4347 418 4440 spondere·
474 4476 482 4494 ,
612 4475 662 4496 ..
1220 4381 1228 4402 ι
1334 4413 1432 4488 *Epist
1447 4415 1492 4471 lib.
1501 4413 1549 4470 Vl.
1555 4433 1595 4539 p.
1609 4415 1661 4472 192
1671 4435 1714 4490 sq.
1729 4443 1764 4464 -ι
1796 4415 2073 4494 Hiemsutograpbo
2084 4415 2113 4471 in
2126 4413 2189 4474 cod.
2203 4413 2272 4470 Μο-

335 4469 579 4548 Franczscum
595 4477 664 4548 trba
679 4479 901 4565 commendo,
922 4471 1031 4550 babet
1048 4479 1227 4574 quoddam
1383 4503 1444 4542 nse.
1457 4485 1478 4540 1.
1496 4489 1552 4557 pt
1590 4521 1598 4542 .

235 4581 465 4651 domesticum
481 4579 630 4666 vulnus,
655 4603 765 4674 quare
781 4580 993 4653 moestitiam
1014 4578 1090 4650 eius
1115 4579 1228 4650 lenire

236 4681 406 4755 studebis.
457 4678 591 4752 Fatalis
611 4694 680 4768 est,
711 4681 764 4750 mi
784 4675 829 4754 V
824 4678 891 4768 ile,
922 4679 1084 4752 omnium
1106 4705 1226 4751 rerum

236 4779 475 4872 humanarum
492 4803 675 4857 concusso.
725 4779 774 4854 Et
788 4775 894 4852 babet
909 4780 1059 4876 quisque
1076 4775 1227 4878 ἐπιβάλ-

237 4890 304 4958 λον
315 4881 427 4977 μέρος
469 4897 506 4968 et
520 4897 657 4976 partem
670 4883 778 4976 sentit
791 4877 1068 4966 ἀκαταστασίας
1089 4883 1227 4975 generis
1278 4858 1323 4950 S.
1342 4873 1388 4949 D.
1420 4875 1597 4950 Foelicem
1612 4889 1648 4947 cl
1660 4877 1816 4950 faustum
1830 4899 1964 4948 annum
1976 4869 2166 4962 Ecclesiae,
2182 4872 2272 4968 reip.

237 4938 564 5094 humani'spenm
584 5007 745 5071 oremus,
773 4998 817 5056 ut
838 4981 1036 5058 Ecclesiam
1058 4997 1172 5058 servet
1192 4997 1228 5056 et
1276 4979 1363 5066 tibi,
1387 4991 1537 5075 tuaeque
1549 4978 1706 5048 familiae
1719 5001 1760 5048 ex
1772 4979 1892 5048 animo
1912 4989 2019 5069 opto,
2043 4976 2162 5050 cariss.
2178 4973 2272 5044 Hie·
2359 5069 2360 5072 Ἴ

1279 5073 1439 5176 r'onymc.
1487 5077 1754 5174 thuanquam
1771 5079 1979 5174 impendent
1992 5077 2073 5150 orbi
2094 5090 2270 5150 terrarum
2359 5105 2360 5174 3

1277 5207 1398 5268 saevae
1411 5206 1531 5268 rerum
1546 5181 1813 5267 conversiones,
1837 5193 1956 5252 tamma
1979 5202 2047 5249 nos
2060 5176 2124 5273 qui
2138 5177 2270 5248 scimus

267 5263 300 5386 l)
318 5317 343 5372 Α
357 5278 469 5373 Venetis
482 5324 623 5392 scopus,
639 5315 697 5380 vta.
710 5313 784 5374 ton.
798 5313 875 5390 epac
885 5315 914 5376 a,
927 5315 971 5376 ss,
981 5313 1065 5374 uns,
1253 5391 1256 5398 Ι
1277 5281 1473 5358 Ecclesiam
1493 5281 1570 5360 Deo
1595 5305 1699 5358 sutae
1718 5305 1810 5370 esse,
1834 5303 1910 5354 non
1924 5281 2029 5353 'decet
2050 5277 2167 5372 frangi
2189 5279 2269 5350 ani-

1278 4640 1568 4737 Hieronymo
1593 4635 1956 4736 Bomgortnero,
1989 4637 2166 4715 Senatori
2189 4633 2272 4714 No-
2360 4733 2361 4738 Ἰ

1669 4740 1882 4838 sibergensi.
2360 4777 2361 4825 t
