<?xml version="1.0" encoding="UTF-8"?>
<!DOCTYPE html PUBLIC "-//W3C//DTD XHTML 1.0 Transitional//EN"
    "http://www.w3.org/TR/xhtml1/DTD/xhtml1-transitional.dtd">
<html xmlns="http://www.w3.org/1999/xhtml" xml:lang="en" lang="en">
 <head>
  <title>
</title>
<meta http-equiv="Content-Type" content="text/html;charset=utf-8" />
  <meta name='ocr-system' content='tesseract 3.04.00' />
  <meta name='ocr-capabilities' content='ocr_page ocr_carea ocr_par ocr_line ocrx_word'/>
</head>
<body>
  <div class='ocr_page' id='page_1' title='image "./corpusreformato19melagoog/corpusreformato19melagoog_0427.png"; bbox 0 0 4722 5808; ppageno 0'>
   <div class='ocr_carea' id='block_1_1' title="bbox 192 266 2241 352">
    <p class='ocr_par' dir='ltr' id='par_1_1' title="bbox 192 266 2241 352">
     <span class='ocr_line' id='line_1_1' title="bbox 192 266 2241 352; baseline 0.003 -9"><span class='ocrx_word' id='word_1_1' title='bbox 192 269 268 346; x_wconf 80' lang='lat'><strong>81⁹</strong></span> <span class='ocrx_word' id='word_1_2' title='bbox 778 266 1218 348; x_wconf 82' lang='lat' dir='ltr'><strong>EPlSTOLARUM</strong></span> <span class='ocrx_word' id='word_1_3' title='bbox 1275 271 1472 350; x_wconf 72' lang='lat' dir='ltr'><strong>atatx.</strong></span> <span class='ocrx_word' id='word_1_4' title='bbox 1525 269 1660 352; x_wconf 79' lang='lat'><strong>154⁵.</strong></span> <span class='ocrx_word' id='word_1_5' title='bbox 2042 285 2045 292; x_wconf 85' lang='lat'>&#39;</span> <span class='ocrx_word' id='word_1_6' title='bbox 2155 273 2241 350; x_wconf 75' lang='lat'><strong>820</strong></span> 
     </span>
    </p>
   </div>
   <div class='ocr_carea' id='block_1_2' title="bbox 196 439 2240 542">
    <p class='ocr_par' dir='ltr' id='par_1_2' title="bbox 196 439 2240 542">
     <span class='ocr_line' id='line_1_2' title="bbox 196 439 2240 542; baseline 0 -24"><span class='ocrx_word' id='word_1_7' title='bbox 196 449 315 542; x_wconf 83' lang='lat' dir='ltr'><strong>aliqua</strong></span> <span class='ocrx_word' id='word_1_8' title='bbox 331 458 472 518; x_wconf 91' lang='lat' dir='ltr'><strong>aeterna</strong></span> <span class='ocrx_word' id='word_1_9' title='bbox 486 455 604 516; x_wconf 89' lang='lat' dir='ltr'><strong>mente</strong></span> <span class='ocrx_word' id='word_1_10' title='bbox 619 439 897 518; x_wconf 88' lang='lat' dir='ltr'><strong>architectatrice</strong></span> <span class='ocrx_word' id='word_1_11' title='bbox 911 446 1092 518; x_wconf 87' lang='lat' dir='ltr'><strong>conditam</strong></span> <span class='ocrx_word' id='word_1_12' title='bbox 1107 467 1192 516; x_wconf 88' lang='lat' dir='ltr'><strong>esse.</strong></span> <span class='ocrx_word' id='word_1_13' title='bbox 1238 469 1295 518; x_wconf 86' lang='lat' dir='ltr'><strong>eas</strong></span> <span class='ocrx_word' id='word_1_14' title='bbox 1318 445 1421 516; x_wconf 85' lang='lat' dir='ltr'><strong>valde</strong></span> <span class='ocrx_word' id='word_1_15' title='bbox 1451 447 1640 539; x_wconf 92' lang='lat' dir='ltr'><strong>temperari</strong></span> <span class='ocrx_word' id='word_1_16' title='bbox 1670 457 1842 540; x_wconf 77' lang='lat' dir='ltr'><strong>potestate</strong></span> <span class='ocrx_word' id='word_1_17' title='bbox 1871 447 2049 532; x_wconf 92' lang='lat' dir='ltr'><strong>siderum,</strong></span> <span class='ocrx_word' id='word_1_18' title='bbox 2089 460 2130 518; x_wconf 88' lang='lat' dir='ltr'><strong>ut</strong></span> <span class='ocrx_word' id='word_1_19' title='bbox 2158 447 2240 518; x_wconf 91' lang='lat' dir='ltr'><strong>nati</strong></span> 
     </span>
    </p>
   </div>
   <div class='ocr_carea' id='block_1_3' title="bbox 198 541 2358 640">
    <p class='ocr_par' dir='ltr' id='par_1_3' title="bbox 198 541 2358 640">
     <span class='ocr_line' id='line_1_3' title="bbox 198 541 2358 640; baseline -0.001 -20"><span class='ocrx_word' id='word_1_20' title='bbox 198 549 241 620; x_wconf 93' lang='lat' dir='ltr'><strong>ld</strong></span> <span class='ocrx_word' id='word_1_21' title='bbox 260 547 451 618; x_wconf 80' lang='lat' dir='ltr'>clarissime</span> <span class='ocrx_word' id='word_1_22' title='bbox 472 548 634 618; x_wconf 90' lang='lat' dir='ltr'><strong>ostendit.</strong></span> <span class='ocrx_word' id='word_1_23' title='bbox 648 541 707 618; x_wconf 91' lang='lat' dir='ltr'><strong>hic</strong></span> <span class='ocrx_word' id='word_1_24' title='bbox 730 547 805 640; x_wconf 89' lang='lat' dir='ltr'><strong>ipse</strong></span> <span class='ocrx_word' id='word_1_25' title='bbox 828 551 917 622; x_wconf 92' lang='lat' dir='ltr'><strong>ordo</strong></span> <span class='ocrx_word' id='word_1_26' title='bbox 931 563 1092 619; x_wconf 89' lang='lat' dir='ltr'><strong>motuum</strong></span> <span class='ocrx_word' id='word_1_27' title='bbox 1111 571 1192 638; x_wconf 88' lang='lat' dir='ltr'><strong>per·</strong></span> <span class='ocrx_word' id='word_1_28' title='bbox 1237 549 1345 640; x_wconf 89' lang='lat' dir='ltr'><strong>paulo</strong></span> <span class='ocrx_word' id='word_1_29' title='bbox 1371 564 1452 620; x_wconf 92' lang='lat' dir='ltr'><strong>aute</strong></span> <span class='ocrx_word' id='word_1_30' title='bbox 1474 550 1784 632; x_wconf 87' lang='lat' dir='ltr'><strong>coniunctionem,</strong></span> <span class='ocrx_word' id='word_1_31' title='bbox 1819 575 1900 620; x_wconf 92' lang='lat' dir='ltr'><strong>cum</strong></span> <span class='ocrx_word' id='word_1_32' title='bbox 1922 550 2007 620; x_wconf 89' lang='lat' dir='ltr'><strong>luna</strong></span> <span class='ocrx_word' id='word_1_33' title='bbox 2030 549 2102 618; x_wconf 88' lang='lat' dir='ltr'><strong>iam</strong></span> <span class='ocrx_word' id='word_1_34' title='bbox 2124 551 2240 620; x_wconf 82' lang='lat' dir='ltr'><strong>radiis</strong></span> <span class='ocrx_word' id='word_1_35' title='bbox 2357 577 2358 640; x_wconf 15' lang='grc' dir='ltr'>ζ</span> 
     </span>
    </p>
   </div>
   <div class='ocr_carea' id='block_1_4' title="bbox 199 649 2242 1355">
    <p class='ocr_par' dir='ltr' id='par_1_4' title="bbox 199 649 2241 1152">
     <span class='ocr_line' id='line_1_4' title="bbox 200 649 2240 744; baseline 0 -24"><span class='ocrx_word' id='word_1_36' title='bbox 200 664 329 744; x_wconf 90' lang='lat' dir='ltr'><strong>petuus</strong></span> <span class='ocrx_word' id='word_1_37' title='bbox 345 675 482 720; x_wconf 90' lang='lat' dir='ltr'><strong>summa</strong></span> <span class='ocrx_word' id='word_1_38' title='bbox 500 663 574 719; x_wconf 86' lang='lat' dir='ltr'><strong>arte</strong></span> <span class='ocrx_word' id='word_1_39' title='bbox 592 649 792 738; x_wconf 84' lang='lat' dir='ltr'><strong>institutus;</strong></span> <span class='ocrx_word' id='word_1_40' title='bbox 827 663 1192 722; x_wconf 89' lang='lat' dir='ltr'><strong>namcasuortanon</strong></span> <span class='ocrx_word' id='word_1_41' title='bbox 1238 651 1323 720; x_wconf 92' lang='lat' dir='ltr'><strong>solis</strong></span> <span class='ocrx_word' id='word_1_42' title='bbox 1338 651 1486 740; x_wconf 88' lang='lat' dir='ltr'><strong>tegitur,</strong></span> <span class='ocrx_word' id='word_1_43' title='bbox 1509 653 1614 741; x_wconf 90' lang='lat' dir='ltr'><strong>longe</strong></span> <span class='ocrx_word' id='word_1_44' title='bbox 1631 666 1715 722; x_wconf 89' lang='lat' dir='ltr'><strong>sunt</strong></span> <span class='ocrx_word' id='word_1_45' title='bbox 1731 653 1981 722; x_wconf 90' lang='lat' dir='ltr'><strong>imbecilliores</strong></span> <span class='ocrx_word' id='word_1_46' title='bbox 1996 652 2087 723; x_wconf 87' lang='lat' dir='ltr'><strong>aliis.</strong></span> <span class='ocrx_word' id='word_1_47' title='bbox 2134 649 2240 722; x_wconf 89' lang='lat' dir='ltr'><strong>Rur-</strong></span> 
     </span>
     <span class='ocr_line' id='line_1_5' title="bbox 199 747 2240 846; baseline -0 -24"><span class='ocrx_word' id='word_1_48' title='bbox 199 755 365 837; x_wconf 81' lang='lat' dir='ltr'><strong>feruntur</strong></span> <span class='ocrx_word' id='word_1_49' title='bbox 385 751 488 821; x_wconf 90' lang='lat' dir='ltr'><strong>certis</strong></span> <span class='ocrx_word' id='word_1_50' title='bbox 511 765 546 821; x_wconf 93' lang='lat' dir='ltr'><strong>et</strong></span> <span class='ocrx_word' id='word_1_51' title='bbox 571 751 722 822; x_wconf 90' lang='lat' dir='ltr'><strong>aeternis</strong></span> <span class='ocrx_word' id='word_1_52' title='bbox 742 753 901 843; x_wconf 87' lang='lat' dir='ltr'><strong>legibus,</strong></span> <span class='ocrx_word' id='word_1_53' title='bbox 933 767 968 822; x_wconf 92' lang='grc' dir='ltr'><strong>ει</strong></span> <span class='ocrx_word' id='word_1_54' title='bbox 999 753 1126 822; x_wconf 82' lang='lat' dir='ltr'>ordine</span> <span class='ocrx_word' id='word_1_55' title='bbox 1147 752 1191 818; x_wconf 92' lang='lat' dir='ltr'><strong>ad</strong></span> <span class='ocrx_word' id='word_1_56' title='bbox 1239 776 1298 822; x_wconf 91' lang='lat' dir='ltr'><strong>sus</strong></span> <span class='ocrx_word' id='word_1_57' title='bbox 1321 747 1376 836; x_wconf 91' lang='lat' dir='ltr'><strong>hi,</strong></span> <span class='ocrx_word' id='word_1_58' title='bbox 1411 753 1541 846; x_wconf 90' lang='lat' dir='ltr'><strong>quibus</strong></span> <span class='ocrx_word' id='word_1_59' title='bbox 1570 755 1708 842; x_wconf 79' lang='lat' dir='ltr'><strong>fulgent</strong></span> <span class='ocrx_word' id='word_1_60' title='bbox 1737 777 1883 844; x_wconf 90' lang='lat' dir='ltr'><strong>magnae</strong></span> <span class='ocrx_word' id='word_1_61' title='bbox 1913 753 2061 824; x_wconf 82' lang='lat' dir='ltr'><strong>Saturni</strong></span> <span class='ocrx_word' id='word_1_62' title='bbox 2085 767 2119 824; x_wconf 89' lang='lat' dir='ltr'><strong>et</strong></span> <span class='ocrx_word' id='word_1_63' title='bbox 2142 750 2240 822; x_wconf 88' lang='lat' dir='ltr'><strong>lovis</strong></span> 
     </span>
     <span class='ocr_line' id='line_1_6' title="bbox 201 851 2238 947; baseline -0 -23"><span class='ocrx_word' id='word_1_64' title='bbox 201 855 295 924; x_wconf 86' lang='lat' dir='ltr'><strong>vitae</strong></span> <span class='ocrx_word' id='word_1_65' title='bbox 317 853 505 925; x_wconf 81' lang='lat' dir='ltr'><strong>utilitatem</strong></span> <span class='ocrx_word' id='word_1_66' title='bbox 528 855 791 926; x_wconf 90' lang='lat' dir='ltr'><strong>accommodato</strong></span> <span class='ocrx_word' id='word_1_67' title='bbox 818 881 858 925; x_wconf 92' lang='lat' dir='ltr'><strong>ac</strong></span> <span class='ocrx_word' id='word_1_68' title='bbox 883 869 1064 947; x_wconf 87' lang='lat' dir='ltr'><strong>perpetuo.</strong></span> <span class='ocrx_word' id='word_1_69' title='bbox 1098 851 1193 940; x_wconf 69' lang='lat' dir='ltr'><strong>⁴Hoc</strong></span> <span class='ocrx_word' id='word_1_70' title='bbox 1240 853 1526 939; x_wconf 90' lang='lat' dir='ltr'><strong>coniunctiones,</strong></span> <span class='ocrx_word' id='word_1_71' title='bbox 1564 857 1692 925; x_wconf 91' lang='lat' dir='ltr'><strong>crasim</strong></span> <span class='ocrx_word' id='word_1_72' title='bbox 1730 857 1835 946; x_wconf 92' lang='lat' dir='ltr'><strong>longe</strong></span> <span class='ocrx_word' id='word_1_73' title='bbox 1865 851 1998 924; x_wconf 91' lang='lat' dir='ltr'><strong>babent</strong></span> <span class='ocrx_word' id='word_1_74' title='bbox 2030 854 2238 928; x_wconf 82' lang='lat' dir='ltr'><strong>feliciorem.</strong></span> 
     </span>
     <span class='ocr_line' id='line_1_7' title="bbox 201 950 2241 1052; baseline -0.001 -26"><span class='ocrx_word' id='word_1_75' title='bbox 201 955 391 1026; x_wconf 89' lang='lat' dir='ltr'><strong>mirificum</strong></span> <span class='ocrx_word' id='word_1_76' title='bbox 419 955 657 1046; x_wconf 84' lang='lat' dir='ltr'><strong>spectaculum</strong></span> <span class='ocrx_word' id='word_1_77' title='bbox 691 955 771 1024; x_wconf 91' lang='lat' dir='ltr'><strong>ideo</strong></span> <span class='ocrx_word' id='word_1_78' title='bbox 797 957 1017 1050; x_wconf 89' lang='lat' dir='ltr'><strong>propositum</strong></span> <span class='ocrx_word' id='word_1_79' title='bbox 1049 967 1103 1052; x_wconf 84' lang='grc' dir='ltr'><strong>εει</strong></span> <span class='ocrx_word' id='word_1_80' title='bbox 1126 950 1194 1024; x_wconf 89' lang='lat' dir='ltr'><strong>ho·</strong></span> <span class='ocrx_word' id='word_1_81' title='bbox 1241 955 1311 1026; x_wconf 89' lang='lat' dir='ltr'><strong>Sed</strong></span> <span class='ocrx_word' id='word_1_82' title='bbox 1343 956 1489 1046; x_wconf 92' lang='lat' dir='ltr'><strong>longum</strong></span> <span class='ocrx_word' id='word_1_83' title='bbox 1522 971 1610 1026; x_wconf 90' lang='lat' dir='ltr'><strong>esset</strong></span> <span class='ocrx_word' id='word_1_84' title='bbox 1632 959 1789 1050; x_wconf 85' lang='lat' dir='ltr'><strong>exempla</strong></span> <span class='ocrx_word' id='word_1_85' title='bbox 1812 957 1993 1050; x_wconf 82' lang='lat' dir='ltr'><strong>persequi3</strong></span> <span class='ocrx_word' id='word_1_86' title='bbox 2026 981 2116 1048; x_wconf 90' lang='lat' dir='ltr'><strong>quae</strong></span> <span class='ocrx_word' id='word_1_87' title='bbox 2148 979 2241 1026; x_wconf 89' lang='lat' dir='ltr'><strong>con-</strong></span> 
     </span>
     <span class='ocr_line' id='line_1_8' title="bbox 203 1057 2108 1152; baseline -0.002 -24"><span class='ocrx_word' id='word_1_88' title='bbox 203 1057 342 1128; x_wconf 89' lang='lat' dir='ltr'><strong>minum</strong></span> <span class='ocrx_word' id='word_1_89' title='bbox 366 1057 560 1141; x_wconf 91' lang='lat' dir='ltr'><strong>mentibus,</strong></span> <span class='ocrx_word' id='word_1_90' title='bbox 580 1069 621 1126; x_wconf 94' lang='lat' dir='ltr'><strong>ut</strong></span> <span class='ocrx_word' id='word_1_91' title='bbox 638 1057 762 1126; x_wconf 87' lang='lat' dir='ltr'><strong>dedeo</strong></span> <span class='ocrx_word' id='word_1_92' title='bbox 785 1083 851 1128; x_wconf 88' lang='lat' dir='ltr'><strong>nos</strong></span> <span class='ocrx_word' id='word_1_93' title='bbox 868 1057 1194 1138; x_wconf 81' lang='lat' dir='ltr'><strong>commonefaceret,</strong></span> <span class='ocrx_word' id='word_1_94' title='bbox 1239 1080 1364 1146; x_wconf 84' lang='lat' dir='ltr'><strong>gruere</strong></span> <span class='ocrx_word' id='word_1_95' title='bbox 1380 1058 1532 1142; x_wconf 91' lang='lat' dir='ltr'><strong>videbit,</strong></span> <span class='ocrx_word' id='word_1_96' title='bbox 1558 1059 1761 1152; x_wconf 91' lang='lat' dir='ltr'><strong>quicunque</strong></span> <span class='ocrx_word' id='word_1_97' title='bbox 1776 1059 1932 1150; x_wconf 86' lang='lat' dir='ltr'><strong>aspicere</strong></span> <span class='ocrx_word' id='word_1_98' title='bbox 1949 1083 1987 1127; x_wconf 90' lang='lat' dir='ltr'><strong>ea</strong></span> <span class='ocrx_word' id='word_1_99' title='bbox 2003 1059 2108 1126; x_wconf 92' lang='lat' dir='ltr'><strong>volet.</strong></span> 
     </span>
    </p>

    <p class='ocr_par' dir='ltr' id='par_1_5' title="bbox 201 1155 2242 1355">
     <span class='ocr_line' id='line_1_9' title="bbox 203 1155 2241 1256; baseline -0 -27"><span class='ocrx_word' id='word_1_100' title='bbox 203 1184 308 1256; x_wconf 91' lang='lat' dir='ltr'><strong>quem</strong></span> <span class='ocrx_word' id='word_1_101' title='bbox 325 1158 372 1228; x_wconf 90' lang='lat' dir='ltr'><strong>ita</strong></span> <span class='ocrx_word' id='word_1_102' title='bbox 390 1182 499 1252; x_wconf 91' lang='lat' dir='ltr'><strong>prope</strong></span> <span class='ocrx_word' id='word_1_103' title='bbox 521 1170 713 1244; x_wconf 90' lang='lat' dir='ltr'><strong>monstrat,</strong></span> <span class='ocrx_word' id='word_1_104' title='bbox 738 1174 780 1231; x_wconf 91' lang='lat' dir='ltr'><strong>ut</strong></span> <span class='ocrx_word' id='word_1_105' title='bbox 795 1159 927 1232; x_wconf 84' lang='lat' dir='ltr'><strong>Paulus</strong></span> <span class='ocrx_word' id='word_1_106' title='bbox 945 1161 1055 1238; x_wconf 89' lang='lat' dir='ltr'><strong>dicat,</strong></span> <span class='ocrx_word' id='word_1_107' title='bbox 1082 1182 1195 1248; x_wconf 91' lang='lat' dir='ltr'><strong>paene</strong></span> <span class='ocrx_word' id='word_1_108' title='bbox 1342 1156 1395 1228; x_wconf 93' lang='lat' dir='ltr'><strong>De</strong></span> <span class='ocrx_word' id='word_1_109' title='bbox 1410 1155 1467 1230; x_wconf 90' lang='lat' dir='ltr'><strong>his</strong></span> <span class='ocrx_word' id='word_1_110' title='bbox 1484 1160 1684 1245; x_wconf 87' lang='lat' dir='ltr'><strong>effectibus,</strong></span> <span class='ocrx_word' id='word_1_111' title='bbox 1706 1163 1741 1228; x_wconf 90' lang='lat' dir='ltr'><strong>id</strong></span> <span class='ocrx_word' id='word_1_112' title='bbox 1760 1174 1811 1230; x_wconf 91' lang='lat' dir='ltr'><strong>est</strong></span> <span class='ocrx_word' id='word_1_113' title='bbox 1825 1160 2110 1250; x_wconf 79' lang='lat' dir='ltr'><strong>temperamentis</strong></span> <span class='ocrx_word' id='word_1_114' title='bbox 2129 1172 2164 1229; x_wconf 91' lang='lat' dir='ltr'><strong>et</strong></span> <span class='ocrx_word' id='word_1_115' title='bbox 2178 1159 2241 1228; x_wconf 92' lang='lat' dir='ltr'><strong>in-</strong></span> 
     </span>
     <span class='ocr_line' id='line_1_10' title="bbox 201 1259 2242 1355; baseline -0.001 -24"><span class='ocrx_word' id='word_1_116' title='bbox 201 1261 368 1331; x_wconf 91' lang='lat' dir='ltr'><strong>manibus</strong></span> <span class='ocrx_word' id='word_1_117' title='bbox 384 1260 592 1332; x_wconf 89' lang='lat' dir='ltr'><strong>contrectari</strong></span> <span class='ocrx_word' id='word_1_118' title='bbox 618 1262 725 1330; x_wconf 90' lang='lat' dir='ltr'><strong>deum</strong></span> <span class='ocrx_word' id='word_1_119' title='bbox 746 1286 868 1354; x_wconf 86' lang='lat' dir='ltr'><strong>posse,</strong></span> <span class='ocrx_word' id='word_1_120' title='bbox 892 1263 1137 1332; x_wconf 83' lang='lat' dir='ltr'><strong>ostendentem</strong></span> <span class='ocrx_word' id='word_1_121' title='bbox 1159 1283 1195 1327; x_wconf 89' lang='lat' dir='ltr'><strong>se</strong></span> <span class='ocrx_word' id='word_1_122' title='bbox 1242 1259 1516 1346; x_wconf 91' lang='lat' dir='ltr'><strong>clinationibus,</strong></span> <span class='ocrx_word' id='word_1_123' title='bbox 1559 1287 1649 1355; x_wconf 90' lang='lat' dir='ltr'><strong>quae</strong></span> <span class='ocrx_word' id='word_1_124' title='bbox 1696 1263 1913 1332; x_wconf 88' lang='lat' dir='ltr'><strong>comitantur</strong></span> <span class='ocrx_word' id='word_1_125' title='bbox 1952 1274 2242 1352; x_wconf 85' lang='lat' dir='ltr'><strong>temperamenta,</strong></span> 
     </span>
    </p>
   </div>
   <div class='ocr_carea' id='block_1_5' title="bbox 203 1357 2359 1462">
    <p class='ocr_par' dir='ltr' id='par_1_6' title="bbox 203 1357 2359 1462">
     <span class='ocr_line' id='line_1_11' title="bbox 203 1357 2359 1462; baseline -0.001 -28"><span class='ocrx_word' id='word_1_126' title='bbox 203 1363 309 1436; x_wconf 91' lang='lat' dir='ltr'><strong>uobis</strong></span> <span class='ocrx_word' id='word_1_127' title='bbox 326 1363 362 1430; x_wconf 92' lang='lat' dir='ltr'><strong>in</strong></span> <span class='ocrx_word' id='word_1_128' title='bbox 382 1357 450 1432; x_wconf 93' lang='lat' dir='ltr'><strong>hoc</strong></span> <span class='ocrx_word' id='word_1_129' title='bbox 465 1385 528 1430; x_wconf 90' lang='lat' dir='ltr'><strong>suo</strong></span> <span class='ocrx_word' id='word_1_130' title='bbox 546 1361 697 1462; x_wconf 88' lang='lat' dir='ltr'><strong>opificio.</strong></span> <span class='ocrx_word' id='word_1_131' title='bbox 1242 1362 1442 1455; x_wconf 87' lang='lat' dir='ltr'><strong>loquimur;</strong></span> <span class='ocrx_word' id='word_1_132' title='bbox 1458 1389 1533 1432; x_wconf 88' lang='lat' dir='ltr'><strong>non</strong></span> <span class='ocrx_word' id='word_1_133' title='bbox 1548 1364 1732 1434; x_wconf 84' lang='lat' dir='ltr'><strong>referimus</strong></span> <span class='ocrx_word' id='word_1_134' title='bbox 1745 1367 1788 1434; x_wconf 93' lang='lat' dir='ltr'><strong>ad</strong></span> <span class='ocrx_word' id='word_1_135' title='bbox 1806 1364 1919 1433; x_wconf 87' lang='lat' dir='ltr'><strong>sidera</strong></span> <span class='ocrx_word' id='word_1_136' title='bbox 1936 1385 2059 1431; x_wconf 89' lang='lat' dir='ltr'><strong>omnes</strong></span> <span class='ocrx_word' id='word_1_137' title='bbox 2074 1363 2242 1431; x_wconf 90' lang='lat' dir='ltr'><strong>omnium</strong></span> <span class='ocrx_word' id='word_1_138' title='bbox 2358 1423 2359 1432; x_wconf 73' lang='grc'>,</span> 
     </span>
    </p>
   </div>
   <div class='ocr_carea' id='block_1_6' title="bbox 147 1459 2321 5528">
    <p class='ocr_par' dir='ltr' id='par_1_7' title="bbox 204 1459 2243 1864">
     <span class='ocr_line' id='line_1_12' title="bbox 304 1459 2242 1554; baseline -0.002 -20"><span class='ocrx_word' id='word_1_139' title='bbox 304 1463 509 1548; x_wconf 90' lang='lat' dir='ltr'><strong>Postremo,</strong></span> <span class='ocrx_word' id='word_1_140' title='bbox 539 1463 747 1554; x_wconf 89' lang='lat' dir='ltr'><strong>dignitatem</strong></span> <span class='ocrx_word' id='word_1_141' title='bbox 767 1463 949 1534; x_wconf 87' lang='lat' dir='ltr'><strong>doctrinae</strong></span> <span class='ocrx_word' id='word_1_142' title='bbox 973 1465 1018 1534; x_wconf 92' lang='lat' dir='ltr'><strong>de</strong></span> <span class='ocrx_word' id='word_1_143' title='bbox 1039 1466 1196 1536; x_wconf 88' lang='lat' dir='ltr'><strong>motibus</strong></span> <span class='ocrx_word' id='word_1_144' title='bbox 1243 1459 1431 1534; x_wconf 90' lang='lat' dir='ltr'><strong>bominum</strong></span> <span class='ocrx_word' id='word_1_145' title='bbox 1453 1467 1610 1534; x_wconf 91' lang='lat' dir='ltr'><strong>actiones</strong></span> <span class='ocrx_word' id='word_1_146' title='bbox 1633 1479 1669 1536; x_wconf 93' lang='lat' dir='ltr'><strong>et</strong></span> <span class='ocrx_word' id='word_1_147' title='bbox 1693 1479 1850 1538; x_wconf 89' lang='lat' dir='ltr'><strong>eventus.</strong></span> <span class='ocrx_word' id='word_1_148' title='bbox 1900 1463 1950 1536; x_wconf 88' lang='lat' dir='ltr'><strong>Ut</strong></span> <span class='ocrx_word' id='word_1_149' title='bbox 1972 1463 2080 1552; x_wconf 90' lang='lat' dir='ltr'><strong>igitur</strong></span> <span class='ocrx_word' id='word_1_150' title='bbox 2101 1464 2139 1532; x_wconf 94' lang='lat' dir='ltr'><strong>in</strong></span> <span class='ocrx_word' id='word_1_151' title='bbox 2160 1486 2242 1531; x_wconf 91' lang='lat' dir='ltr'><strong>me-</strong></span> 
     </span>
     <span class='ocr_line' id='line_1_13' title="bbox 204 1565 2243 1658; baseline -0.002 -21"><span class='ocrx_word' id='word_1_152' title='bbox 204 1593 246 1638; x_wconf 92' lang='lat' dir='ltr'><strong>eo</strong></span> <span class='ocrx_word' id='word_1_153' title='bbox 266 1567 436 1636; x_wconf 91' lang='lat' dir='ltr'><strong>maiorem</strong></span> <span class='ocrx_word' id='word_1_154' title='bbox 459 1588 532 1636; x_wconf 88' lang='lat' dir='ltr'><strong>esse</strong></span> <span class='ocrx_word' id='word_1_155' title='bbox 549 1566 716 1650; x_wconf 89' lang='lat' dir='ltr'><strong>sciamus,</strong></span> <span class='ocrx_word' id='word_1_156' title='bbox 737 1565 820 1658; x_wconf 89' lang='lat' dir='ltr'><strong>quia</strong></span> <span class='ocrx_word' id='word_1_157' title='bbox 841 1566 970 1636; x_wconf 87' lang='lat' dir='ltr'><strong>multas</strong></span> <span class='ocrx_word' id='word_1_158' title='bbox 995 1568 1081 1638; x_wconf 89' lang='lat' dir='ltr'><strong>alias</strong></span> <span class='ocrx_word' id='word_1_159' title='bbox 1104 1580 1196 1636; x_wconf 85' lang='lat' dir='ltr'><strong>artes</strong></span> <span class='ocrx_word' id='word_1_160' title='bbox 1243 1567 1320 1634; x_wconf 88' lang='lat' dir='ltr'><strong>dica</strong></span> <span class='ocrx_word' id='word_1_161' title='bbox 1336 1580 1409 1635; x_wconf 91' lang='lat' dir='ltr'><strong>arte</strong></span> <span class='ocrx_word' id='word_1_162' title='bbox 1420 1591 1460 1634; x_wconf 87' lang='lat' dir='ltr'><strong>ex</strong></span> <span class='ocrx_word' id='word_1_163' title='bbox 1481 1566 1683 1656; x_wconf 82' lang='lat' dir='ltr'><strong>cognitione</strong></span> <span class='ocrx_word' id='word_1_164' title='bbox 1699 1591 1903 1650; x_wconf 90' lang='lat' dir='ltr'><strong>causarum,</strong></span> <span class='ocrx_word' id='word_1_165' title='bbox 1927 1566 2110 1656; x_wconf 88' lang='lat' dir='ltr'><strong>signorum</strong></span> <span class='ocrx_word' id='word_1_166' title='bbox 2127 1579 2162 1634; x_wconf 91' lang='lat' dir='ltr'><strong>et</strong></span> <span class='ocrx_word' id='word_1_167' title='bbox 2184 1565 2243 1632; x_wconf 91' lang='lat' dir='ltr'><strong>ef-</strong></span> 
     </span>
     <span class='ocr_line' id='line_1_14' title="bbox 204 1662 2243 1763; baseline -0.003 -25"><span class='ocrx_word' id='word_1_168' title='bbox 204 1667 468 1760; x_wconf 83' lang='lat' dir='ltr'><strong>complectitur,</strong></span> <span class='ocrx_word' id='word_1_169' title='bbox 505 1679 539 1736; x_wconf 90' lang='lat' dir='ltr'><strong>et</strong></span> <span class='ocrx_word' id='word_1_170' title='bbox 562 1667 641 1736; x_wconf 91' lang='lat' dir='ltr'><strong>fons</strong></span> <span class='ocrx_word' id='word_1_171' title='bbox 665 1679 718 1737; x_wconf 90' lang='lat' dir='ltr'><strong>est</strong></span> <span class='ocrx_word' id='word_1_172' title='bbox 738 1662 989 1760; x_wconf 89' lang='lat' dir='ltr'><strong>geographiae,</strong></span> <span class='ocrx_word' id='word_1_173' title='bbox 1009 1681 1079 1763; x_wconf 80' lang='lat' dir='ltr'><strong>q&#39;ua</strong></span> <span class='ocrx_word' id='word_1_174' title='bbox 1103 1682 1196 1739; x_wconf 89' lang='lat' dir='ltr'><strong>certe</strong></span> <span class='ocrx_word' id='word_1_175' title='bbox 1242 1667 1396 1734; x_wconf 91' lang='lat' dir='ltr'><strong>fectuum</strong></span> <span class='ocrx_word' id='word_1_176' title='bbox 1413 1691 1469 1736; x_wconf 90' lang='lat' dir='ltr'><strong>ars</strong></span> <span class='ocrx_word' id='word_1_177' title='bbox 1484 1670 1598 1738; x_wconf 86' lang='lat' dir='ltr'><strong>extitit</strong></span> <span class='ocrx_word' id='word_1_178' title='bbox 1613 1684 1688 1739; x_wconf 92' lang='lat' dir='ltr'><strong>tum</strong></span> <span class='ocrx_word' id='word_1_179' title='bbox 1705 1669 1905 1752; x_wconf 89' lang='lat' dir='ltr'><strong>iudicandi,</strong></span> <span class='ocrx_word' id='word_1_180' title='bbox 1920 1681 1993 1736; x_wconf 92' lang='lat' dir='ltr'><strong>tum</strong></span> <span class='ocrx_word' id='word_1_181' title='bbox 2010 1665 2243 1756; x_wconf 87' lang='lat' dir='ltr'><strong>praedicendi</strong></span> 
     </span>
     <span class='ocr_line' id='line_1_15' title="bbox 205 1767 2241 1864; baseline -0.002 -24"><span class='ocrx_word' id='word_1_182' title='bbox 205 1772 245 1840; x_wconf 89' lang='lat' dir='ltr'><strong>in</strong></span> <span class='ocrx_word' id='word_1_183' title='bbox 261 1771 333 1840; x_wconf 90' lang='lat' dir='ltr'><strong>vita</strong></span> <span class='ocrx_word' id='word_1_184' title='bbox 349 1792 467 1838; x_wconf 90' lang='lat' dir='ltr'><strong>carere</strong></span> <span class='ocrx_word' id='word_1_185' title='bbox 486 1791 560 1836; x_wconf 89' lang='lat' dir='ltr'><strong>nou</strong></span> <span class='ocrx_word' id='word_1_186' title='bbox 579 1769 778 1859; x_wconf 73' lang='lat' dir='ltr'><strong>possumus.</strong></span> <span class='ocrx_word' id='word_1_187' title='bbox 1243 1767 1372 1837; x_wconf 92' lang='lat' dir='ltr'><strong>multas</strong></span> <span class='ocrx_word' id='word_1_188' title='bbox 1404 1794 1593 1864; x_wconf 84' lang='lat' dir='ltr'><strong>corporum</strong></span> <span class='ocrx_word' id='word_1_189' title='bbox 1629 1771 1858 1849; x_wconf 88' lang='lat' dir='ltr'><strong>mutationes,</strong></span> <span class='ocrx_word' id='word_1_190' title='bbox 1900 1783 1934 1837; x_wconf 90' lang='lat' dir='ltr'><strong>ct</strong></span> <span class='ocrx_word' id='word_1_191' title='bbox 1966 1792 2006 1836; x_wconf 89' lang='lat' dir='ltr'><strong>ea</strong></span> <span class='ocrx_word' id='word_1_192' title='bbox 2038 1767 2241 1858; x_wconf 87' lang='lat' dir='ltr'><strong>praedictio</strong></span> 
     </span>
    </p>

    <p class='ocr_par' dir='ltr' id='par_1_8' title="bbox 205 1862 2241 2064">
     <span class='ocr_line' id='line_1_16' title="bbox 305 1862 2241 1964; baseline -0.003 -22"><span class='ocrx_word' id='word_1_193' title='bbox 305 1869 375 1943; x_wconf 90' lang='lat' dir='ltr'><strong>Sed</strong></span> <span class='ocrx_word' id='word_1_194' title='bbox 392 1870 496 1940; x_wconf 89' lang='lat' dir='ltr'><strong>venio</strong></span> <span class='ocrx_word' id='word_1_195' title='bbox 520 1871 563 1940; x_wconf 89' lang='lat' dir='ltr'><strong>ad</strong></span> <span class='ocrx_word' id='word_1_196' title='bbox 583 1869 846 1957; x_wconf 90' lang='lat' dir='ltr'><strong>divinatricem,</strong></span> <span class='ocrx_word' id='word_1_197' title='bbox 871 1895 978 1964; x_wconf 87' lang='lat' dir='ltr'><strong>quam</strong></span> <span class='ocrx_word' id='word_1_198' title='bbox 1002 1867 1109 1940; x_wconf 90' lang='lat' dir='ltr'><strong>multi</strong></span> <span class='ocrx_word' id='word_1_199' title='bbox 1130 1862 1196 1936; x_wconf 89' lang='lat' dir='ltr'><strong>ho-</strong></span> <span class='ocrx_word' id='word_1_200' title='bbox 1245 1865 1386 1963; x_wconf 88' lang='lat' dir='ltr'><strong>physica</strong></span> <span class='ocrx_word' id='word_1_201' title='bbox 1401 1893 1458 1940; x_wconf 89' lang='lat' dir='ltr'><strong>res</strong></span> <span class='ocrx_word' id='word_1_202' title='bbox 1476 1896 1638 1942; x_wconf 88' lang='lat' dir='ltr'><strong>concessa</strong></span> <span class='ocrx_word' id='word_1_203' title='bbox 1662 1885 1731 1952; x_wconf 88' lang='lat' dir='ltr'><strong>est,</strong></span> <span class='ocrx_word' id='word_1_204' title='bbox 1759 1886 1790 1942; x_wconf 92' lang='lat' dir='ltr'><strong>et</strong></span> <span class='ocrx_word' id='word_1_205' title='bbox 1809 1871 1923 1940; x_wconf 90' lang='lat' dir='ltr'><strong>aliena</strong></span> <span class='ocrx_word' id='word_1_206' title='bbox 1940 1867 2241 1960; x_wconf 89' lang='lat' dir='ltr'><strong>asuperstitione,</strong></span> 
     </span>
     <span class='ocr_line' id='line_1_17' title="bbox 205 1971 2240 2064; baseline -0.003 -20"><span class='ocrx_word' id='word_1_207' title='bbox 205 1973 319 2044; x_wconf 90' lang='lat' dir='ltr'><strong>mines</strong></span> <span class='ocrx_word' id='word_1_208' title='bbox 336 1972 430 2041; x_wconf 94' lang='lat' dir='ltr'><strong>docti</strong></span> <span class='ocrx_word' id='word_1_209' title='bbox 444 1971 581 2060; x_wconf 89' lang='lat' dir='ltr'><strong>magnis</strong></span> <span class='ocrx_word' id='word_1_210' title='bbox 597 1971 837 2042; x_wconf 89' lang='lat' dir='ltr'><strong>voluminibus</strong></span> <span class='ocrx_word' id='word_1_211' title='bbox 852 1972 1014 2044; x_wconf 87' lang='lat' dir='ltr'><strong>insectati</strong></span> <span class='ocrx_word' id='word_1_212' title='bbox 1028 1983 1123 2040; x_wconf 80' lang='lat' dir='ltr'><strong>sunt.</strong></span> <span class='ocrx_word' id='word_1_213' title='bbox 1244 1971 1328 2062; x_wconf 89' lang='lat' dir='ltr'><strong>quia</strong></span> <span class='ocrx_word' id='word_1_214' title='bbox 1350 1985 1404 2042; x_wconf 88' lang='grc' dir='ltr'><strong>εει</strong></span> <span class='ocrx_word' id='word_1_215' title='bbox 1429 1975 1581 2064; x_wconf 91' lang='lat' dir='ltr'><strong>aspectio</strong></span> <span class='ocrx_word' id='word_1_216' title='bbox 1611 1973 1816 2042; x_wconf 90' lang='lat' dir='ltr'><strong>divinorum</strong></span> <span class='ocrx_word' id='word_1_217' title='bbox 1841 1996 2008 2062; x_wconf 90' lang='lat' dir='ltr'><strong>operum,</strong></span> <span class='ocrx_word' id='word_1_218' title='bbox 2039 1993 2240 2049; x_wconf 80' lang='lat' dir='ltr'><strong>causarum,</strong></span> 
     </span>
    </p>

    <p class='ocr_par' dir='ltr' id='par_1_9' title="bbox 147 2068 2321 3995">
     <span class='ocr_line' id='line_1_18' title="bbox 306 2068 2321 2164; baseline -0.001 -20"><span class='ocrx_word' id='word_1_219' title='bbox 306 2069 371 2144; x_wconf 80' lang='lat' dir='ltr'><strong>Est</strong></span> <span class='ocrx_word' id='word_1_220' title='bbox 384 2073 422 2142; x_wconf 93' lang='lat' dir='ltr'><strong>in</strong></span> <span class='ocrx_word' id='word_1_221' title='bbox 438 2074 603 2144; x_wconf 88' lang='lat' dir='ltr'><strong>manibus</strong></span> <span class='ocrx_word' id='word_1_222' title='bbox 617 2068 805 2144; x_wconf 92' lang='lat' dir='ltr'><strong>hominum</strong></span> <span class='ocrx_word' id='word_1_223' title='bbox 823 2075 962 2164; x_wconf 88' lang='lat' dir='ltr'><strong>farrago</strong></span> <span class='ocrx_word' id='word_1_224' title='bbox 978 2071 1198 2144; x_wconf 90' lang='lat' dir='ltr'><strong>criminatio·</strong></span> <span class='ocrx_word' id='word_1_225' title='bbox 1243 2072 1426 2160; x_wconf 87' lang='lat' dir='ltr'><strong>signorum</strong></span> <span class='ocrx_word' id='word_1_226' title='bbox 1444 2088 1476 2144; x_wconf 88' lang='grc' dir='ltr'><strong>ει</strong></span> <span class='ocrx_word' id='word_1_227' title='bbox 1493 2075 1697 2144; x_wconf 85' lang='lat' dir='ltr'><strong>effectuum:</strong></span> <span class='ocrx_word' id='word_1_228' title='bbox 1724 2075 1771 2144; x_wconf 93' lang='lat' dir='ltr'><strong>ita</strong></span> <span class='ocrx_word' id='word_1_229' title='bbox 1788 2074 1828 2142; x_wconf 93' lang='lat' dir='ltr'><strong>in</strong></span> <span class='ocrx_word' id='word_1_230' title='bbox 1843 2068 1909 2142; x_wconf 89' lang='lat' dir='ltr'><strong>bac</strong></span> <span class='ocrx_word' id='word_1_231' title='bbox 1929 2071 2157 2150; x_wconf 88' lang='lat' dir='ltr'><strong>divinatrice‚</strong></span> <span class='ocrx_word' id='word_1_232' title='bbox 2177 2071 2244 2142; x_wconf 92' lang='lat' dir='ltr'><strong>iu·</strong></span> <span class='ocrx_word' id='word_1_233' title='bbox 2309 2073 2321 2082; x_wconf 82' lang='grc'><em>“</em></span> 
     </span>
     <span class='ocr_line' id='line_1_19' title="bbox 205 2169 2244 2270; baseline -0.005 -21"><span class='ocrx_word' id='word_1_234' title='bbox 205 2201 295 2251; x_wconf 91' lang='lat' dir='ltr'><strong>num</strong></span> <span class='ocrx_word' id='word_1_235' title='bbox 311 2201 331 2246; x_wconf 89' lang='lat' dir='ltr'><strong>a</strong></span> <span class='ocrx_word' id='word_1_236' title='bbox 347 2169 523 2243; x_wconf 78' lang='lat' dir='ltr'><strong>Pico-non</strong></span> <span class='ocrx_word' id='word_1_237' title='bbox 540 2175 689 2266; x_wconf 88' lang='lat' dir='ltr'><strong>scripta,</strong></span> <span class='ocrx_word' id='word_1_238' title='bbox 711 2178 772 2270; x_wconf 67' lang='lat' dir='ltr'><strong>sed</strong></span> <span class='ocrx_word' id='word_1_239' title='bbox 790 2189 949 2268; x_wconf 82' lang='lat' dir='ltr'><strong>excerpta</strong></span> <span class='ocrx_word' id='word_1_240' title='bbox 968 2200 1009 2246; x_wconf 81' lang='lat' dir='ltr'><strong>ex</strong></span> <span class='ocrx_word' id='word_1_241' title='bbox 1026 2173 1197 2244; x_wconf 87' lang='lat' dir='ltr'><strong>vetustio-</strong></span> <span class='ocrx_word' id='word_1_242' title='bbox 1244 2174 1383 2244; x_wconf 90' lang='lat' dir='ltr'><strong>dicante</strong></span> <span class='ocrx_word' id='word_1_243' title='bbox 1407 2197 1447 2244; x_wconf 85' lang='lat' dir='ltr'><strong>er</strong></span> <span class='ocrx_word' id='word_1_244' title='bbox 1475 2177 1632 2248; x_wconf 91' lang='lat' dir='ltr'><strong>siderum</strong></span> <span class='ocrx_word' id='word_1_245' title='bbox 1658 2177 1793 2266; x_wconf 90' lang='lat' dir='ltr'><strong>positu,</strong></span> <span class='ocrx_word' id='word_1_246' title='bbox 1825 2198 1968 2258; x_wconf 89' lang='lat' dir='ltr'><strong>causae,</strong></span> <span class='ocrx_word' id='word_1_247' title='bbox 2001 2173 2119 2262; x_wconf 87' lang='lat' dir='ltr'><strong>signa,</strong></span> <span class='ocrx_word' id='word_1_248' title='bbox 2151 2171 2244 2240; x_wconf 85' lang='lat' dir='ltr'><strong>elfe-</strong></span> 
     </span>
     <span class='ocr_line' id='line_1_20' title="bbox 205 2271 2242 2368; baseline -0.004 -18"><span class='ocrx_word' id='word_1_249' title='bbox 205 2281 307 2350; x_wconf 88' lang='lat' dir='ltr'><strong>ribus</strong></span> <span class='ocrx_word' id='word_1_250' title='bbox 324 2276 604 2360; x_wconf 88' lang='lat' dir='ltr'><strong>commentariis,</strong></span> <span class='ocrx_word' id='word_1_251' title='bbox 629 2274 693 2368; x_wconf 90' lang='lat' dir='ltr'><strong>qui</strong></span> <span class='ocrx_word' id='word_1_252' title='bbox 714 2277 759 2346; x_wconf 93' lang='lat' dir='ltr'><strong>ad</strong></span> <span class='ocrx_word' id='word_1_253' title='bbox 783 2271 890 2346; x_wconf 90' lang='lat' dir='ltr'><strong>huius</strong></span> <span class='ocrx_word' id='word_1_254' title='bbox 905 2276 1126 2346; x_wconf 90' lang='lat' dir='ltr'><strong>divinatricis</strong></span> <span class='ocrx_word' id='word_1_255' title='bbox 1141 2299 1197 2342; x_wconf 91' lang='lat' dir='ltr'><strong>re-</strong></span> <span class='ocrx_word' id='word_1_256' title='bbox 1244 2289 1321 2346; x_wconf 89' lang='lat' dir='ltr'><strong>ctus</strong></span> <span class='ocrx_word' id='word_1_257' title='bbox 1342 2275 1581 2366; x_wconf 89' lang='lat' dir='ltr'><strong>aspiciuntur,</strong></span> <span class='ocrx_word' id='word_1_258' title='bbox 1614 2290 1648 2346; x_wconf 91' lang='lat' dir='ltr'><strong>et</strong></span> <span class='ocrx_word' id='word_1_259' title='bbox 1677 2274 1805 2348; x_wconf 92' lang='lat' dir='ltr'><strong>horum</strong></span> <span class='ocrx_word' id='word_1_260' title='bbox 1834 2276 2071 2346; x_wconf 89' lang='lat' dir='ltr'><strong>consideratio</strong></span> <span class='ocrx_word' id='word_1_261' title='bbox 2096 2287 2242 2344; x_wconf 85' lang='lat' dir='ltr'><strong>tantum</strong></span> 
     </span>
     <span class='ocr_line' id='line_1_21' title="bbox 205 2373 2244 2476; baseline -0.005 -24"><span class='ocrx_word' id='word_1_262' title='bbox 205 2377 477 2476; x_wconf 90' lang='lat' dir='ltr'><strong>prehensionem</strong></span> <span class='ocrx_word' id='word_1_263' title='bbox 505 2377 618 2448; x_wconf 93' lang='lat' dir='ltr'><strong>multo</strong></span> <span class='ocrx_word' id='word_1_264' title='bbox 643 2390 724 2445; x_wconf 86' lang='lat' dir='ltr'><strong>ante</strong></span> <span class='ocrx_word' id='word_1_265' title='bbox 747 2379 885 2450; x_wconf 86' lang='lat' dir='ltr'><strong>collecti</strong></span> <span class='ocrx_word' id='word_1_266' title='bbox 906 2381 1062 2450; x_wconf 88' lang='lat' dir='ltr'><strong>fuerunt.</strong></span> <span class='ocrx_word' id='word_1_267' title='bbox 1122 2373 1198 2444; x_wconf 91' lang='lat' dir='ltr'><strong>Hos</strong></span> <span class='ocrx_word' id='word_1_268' title='bbox 1244 2394 1295 2448; x_wconf 93' lang='lat' dir='ltr'><strong>est</strong></span> <span class='ocrx_word' id='word_1_269' title='bbox 1317 2377 1521 2448; x_wconf 89' lang='lat' dir='ltr'><strong>divinorum</strong></span> <span class='ocrx_word' id='word_1_270' title='bbox 1544 2403 1692 2470; x_wconf 90' lang='lat' dir='ltr'><strong>operum</strong></span> <span class='ocrx_word' id='word_1_271' title='bbox 1716 2379 1880 2470; x_wconf 88' lang='lat' dir='ltr'><strong>aspectio.</strong></span> <span class='ocrx_word' id='word_1_272' title='bbox 1947 2375 2068 2464; x_wconf 87' lang='lat' dir='ltr'><strong>Quare</strong></span> <span class='ocrx_word' id='word_1_273' title='bbox 2092 2389 2126 2446; x_wconf 88' lang='lat' dir='ltr'><strong>et</strong></span> <span class='ocrx_word' id='word_1_274' title='bbox 2148 2398 2244 2444; x_wconf 87' lang='lat' dir='ltr'><strong>con-</strong></span> 
     </span>
     <span class='ocr_line' id='line_1_22' title="bbox 205 2472 2241 2572; baseline -0.005 -18"><span class='ocrx_word' id='word_1_275' title='bbox 205 2483 407 2561; x_wconf 89' lang='lat' dir='ltr'><strong>refutarunt</strong></span> <span class='ocrx_word' id='word_1_276' title='bbox 428 2479 523 2548; x_wconf 89' lang='lat' dir='ltr'><strong>docti</strong></span> <span class='ocrx_word' id='word_1_277' title='bbox 546 2479 634 2564; x_wconf 91' lang='lat' dir='ltr'><strong>viri,</strong></span> <span class='ocrx_word' id='word_1_278' title='bbox 658 2472 877 2550; x_wconf 82' lang='lat' dir='ltr'><strong>Bellantt&#39;us</strong></span> <span class='ocrx_word' id='word_1_279' title='bbox 903 2481 1016 2552; x_wconf 90' lang='lat' dir='ltr'><strong>etalii</strong></span> <span class='ocrx_word' id='word_1_280' title='bbox 1035 2478 1197 2572; x_wconf 89' lang='lat' dir='ltr'><strong>quidam;</strong></span> <span class='ocrx_word' id='word_1_281' title='bbox 1244 2500 1337 2546; x_wconf 89' lang='lat' dir='ltr'><strong>cessa</strong></span> <span class='ocrx_word' id='word_1_282' title='bbox 1360 2491 1411 2548; x_wconf 89' lang='lat' dir='ltr'><strong>cst</strong></span> <span class='ocrx_word' id='word_1_283' title='bbox 1436 2475 1522 2550; x_wconf 91' lang='lat' dir='ltr'><strong>haec</strong></span> <span class='ocrx_word' id='word_1_284' title='bbox 1544 2505 1601 2552; x_wconf 89' lang='lat' dir='ltr'><strong>ars</strong></span> <span class='ocrx_word' id='word_1_285' title='bbox 1621 2493 1655 2549; x_wconf 84' lang='lat' dir='ltr'><strong>et</strong></span> <span class='ocrx_word' id='word_1_286' title='bbox 1678 2481 1796 2550; x_wconf 91' lang='lat' dir='ltr'><strong>aliena</strong></span> <span class='ocrx_word' id='word_1_287' title='bbox 1815 2479 2110 2570; x_wconf 91' lang='lat' dir='ltr'><strong>asuperstitione.</strong></span> <span class='ocrx_word' id='word_1_288' title='bbox 2160 2475 2241 2546; x_wconf 88' lang='lat' dir='ltr'><strong>Sed</strong></span> 
     </span>
     <span class='ocr_line' id='line_1_23' title="bbox 172 2580 2243 2668; baseline -0.004 -12"><span class='ocrx_word' id='word_1_289' title='bbox 172 2639 176 2646; x_wconf 73' lang='lat'><strong>.</strong></span> <span class='ocrx_word' id='word_1_290' title='bbox 207 2600 242 2658; x_wconf 92' lang='lat' dir='ltr'><strong>et</strong></span> <span class='ocrx_word' id='word_1_291' title='bbox 255 2583 386 2654; x_wconf 90' lang='lat' dir='ltr'><strong>multae</strong></span> <span class='ocrx_word' id='word_1_292' title='bbox 402 2581 496 2650; x_wconf 89' lang='lat' dir='ltr'><strong>leves</strong></span> <span class='ocrx_word' id='word_1_293' title='bbox 510 2595 545 2652; x_wconf 92' lang='lat' dir='ltr'><strong>et</strong></span> <span class='ocrx_word' id='word_1_294' title='bbox 559 2580 698 2650; x_wconf 89' lang='lat' dir='ltr'><strong>ieiunae</strong></span> <span class='ocrx_word' id='word_1_295' title='bbox 715 2581 955 2652; x_wconf 87' lang='lat' dir='ltr'><strong>cavillationes</strong></span> <span class='ocrx_word' id='word_1_296' title='bbox 968 2581 1198 2662; x_wconf 83' lang='lat' dir='ltr'><strong>obiiciantur,</strong></span> <span class='ocrx_word' id='word_1_297' title='bbox 1244 2603 1319 2650; x_wconf 93' lang='lat' dir='ltr'><strong>nou</strong></span> <span class='ocrx_word' id='word_1_298' title='bbox 1349 2601 1538 2668; x_wconf 86' lang='lat' dir='ltr'><strong>evagemur</strong></span> <span class='ocrx_word' id='word_1_299' title='bbox 1560 2595 1656 2652; x_wconf 80' lang='lat' dir='ltr'><strong>extra</strong></span> <span class='ocrx_word' id='word_1_300' title='bbox 1685 2597 1813 2662; x_wconf 90' lang='lat' dir='ltr'><strong>metas,</strong></span> <span class='ocrx_word' id='word_1_301' title='bbox 1845 2603 1919 2650; x_wconf 93' lang='lat' dir='ltr'><strong>non</strong></span> <span class='ocrx_word' id='word_1_302' title='bbox 1943 2580 2158 2648; x_wconf 78' lang='lat' dir='ltr'><strong>affirmemus</strong></span> <span class='ocrx_word' id='word_1_303' title='bbox 2181 2600 2243 2657; x_wconf 85' lang='lat' dir='ltr'><strong>ea,</strong></span> 
     </span>
     <span class='ocr_line' id='line_1_24' title="bbox 204 2677 2244 2780; baseline -0.006 -22"><span class='ocrx_word' id='word_1_304' title='bbox 204 2709 357 2780; x_wconf 78' lang='lat' dir='ltr'><strong>quarum</strong></span> <span class='ocrx_word' id='word_1_305' title='bbox 372 2681 536 2772; x_wconf 88' lang='lat' dir='ltr'><strong>repetitio</strong></span> <span class='ocrx_word' id='word_1_306' title='bbox 553 2683 678 2772; x_wconf 88' lang='lat' dir='ltr'><strong>longa,</strong></span> <span class='ocrx_word' id='word_1_307' title='bbox 704 2695 738 2751; x_wconf 92' lang='lat' dir='ltr'><strong>et</strong></span> <span class='ocrx_word' id='word_1_308' title='bbox 758 2684 925 2755; x_wconf 90' lang='lat' dir='ltr'><strong>refutatio</strong></span> <span class='ocrx_word' id='word_1_309' title='bbox 943 2707 1017 2753; x_wconf 92' lang='lat' dir='ltr'><strong>non</strong></span> <span class='ocrx_word' id='word_1_310' title='bbox 1040 2703 1197 2750; x_wconf 87' lang='lat' dir='ltr'><strong>necessa·</strong></span> <span class='ocrx_word' id='word_1_311' title='bbox 1244 2705 1334 2773; x_wconf 89' lang='lat' dir='ltr'><strong>quae</strong></span> <span class='ocrx_word' id='word_1_312' title='bbox 1357 2704 1376 2750; x_wconf 88' lang='lat' dir='ltr'><strong>a</strong></span> <span class='ocrx_word' id='word_1_313' title='bbox 1396 2696 1565 2772; x_wconf 89' lang='lat' dir='ltr'><strong>potestate</strong></span> <span class='ocrx_word' id='word_1_314' title='bbox 1586 2697 1761 2754; x_wconf 85' lang='lat' dir='ltr'><strong>astrorum</strong></span> <span class='ocrx_word' id='word_1_315' title='bbox 1778 2707 1853 2753; x_wconf 92' lang='lat' dir='ltr'><strong>non</strong></span> <span class='ocrx_word' id='word_1_316' title='bbox 1871 2683 2055 2763; x_wconf 90' lang='lat' dir='ltr'><strong>oriuntur,</strong></span> <span class='ocrx_word' id='word_1_317' title='bbox 2080 2703 2143 2748; x_wconf 92' lang='lat' dir='ltr'><strong>nec</strong></span> <span class='ocrx_word' id='word_1_318' title='bbox 2163 2677 2244 2746; x_wconf 89' lang='lat' dir='ltr'><strong>rni-</strong></span> 
     </span>
     <span class='ocr_line' id='line_1_25' title="bbox 206 2769 2243 2874; baseline -0.006 -14"><span class='ocrx_word' id='word_1_319' title='bbox 206 2788 259 2861; x_wconf 89' lang='lat' dir='ltr'><strong>ria</strong></span> <span class='ocrx_word' id='word_1_320' title='bbox 277 2799 337 2859; x_wconf 88' lang='lat' dir='ltr'><strong>est.</strong></span> <span class='ocrx_word' id='word_1_321' title='bbox 388 2782 584 2854; x_wconf 88' lang='lat' dir='ltr'><strong>Prudentes</strong></span> <span class='ocrx_word' id='word_1_322' title='bbox 599 2784 782 2854; x_wconf 91' lang='lat' dir='ltr'><strong>verissimo</strong></span> <span class='ocrx_word' id='word_1_323' title='bbox 800 2776 943 2854; x_wconf 71' lang='lat' dir='ltr'><strong>Galerii</strong></span> <span class='ocrx_word' id='word_1_324' title='bbox 964 2784 1095 2854; x_wconf 90' lang='lat' dir='ltr'><strong>iudicio</strong></span> <span class='ocrx_word' id='word_1_325' title='bbox 1112 2806 1199 2850; x_wconf 91' lang='lat' dir='ltr'><strong>con·</strong></span> <span class='ocrx_word' id='word_1_326' title='bbox 1244 2803 1401 2852; x_wconf 88' lang='lat' dir='ltr'><strong>sceamus</strong></span> <span class='ocrx_word' id='word_1_327' title='bbox 1420 2799 1531 2856; x_wconf 88' lang='lat' dir='ltr'><strong>sortes</strong></span> <span class='ocrx_word' id='word_1_328' title='bbox 1553 2799 1588 2856; x_wconf 92' lang='lat' dir='ltr'><strong>et</strong></span> <span class='ocrx_word' id='word_1_329' title='bbox 1609 2785 1671 2856; x_wconf 91' lang='lat' dir='ltr'><strong>illa</strong></span> <span class='ocrx_word' id='word_1_330' title='bbox 1695 2807 1823 2874; x_wconf 90' lang='lat' dir='ltr'><strong>genera</strong></span> <span class='ocrx_word' id='word_1_331' title='bbox 1837 2769 2117 2862; x_wconf 79' lang='lat' dir='ltr'><strong>dividationum,</strong></span> <span class='ocrx_word' id='word_1_332' title='bbox 2142 2801 2243 2871; x_wconf 87' lang='lat' dir='ltr'><strong>quac</strong></span> 
     </span>
     <span class='ocr_line' id='line_1_26' title="bbox 205 2881 1899 2985; baseline -0.001 -25"><span class='ocrx_word' id='word_1_333' title='bbox 205 2889 296 2960; x_wconf 90' lang='lat' dir='ltr'><strong>tenti</strong></span> <span class='ocrx_word' id='word_1_334' title='bbox 313 2887 402 2969; x_wconf 91' lang='lat' dir='ltr'><strong>sint,</strong></span> <span class='ocrx_word' id='word_1_335' title='bbox 427 2885 489 2980; x_wconf 92' lang='lat' dir='ltr'><strong>qui</strong></span> <span class='ocrx_word' id='word_1_336' title='bbox 509 2885 654 2976; x_wconf 90' lang='lat' dir='ltr'><strong>deipsis</strong></span> <span class='ocrx_word' id='word_1_337' title='bbox 675 2899 851 2956; x_wconf 88' lang='lat' dir='ltr'><strong>astrorum</strong></span> <span class='ocrx_word' id='word_1_338' title='bbox 874 2887 1118 2956; x_wconf 88' lang='lat' dir='ltr'><strong>effectionibus</strong></span> <span class='ocrx_word' id='word_1_339' title='bbox 1141 2884 1197 2952; x_wconf 89' lang='lat' dir='ltr'><strong>ia·</strong></span> <span class='ocrx_word' id='word_1_340' title='bbox 1244 2898 1345 2954; x_wconf 84' lang='lat' dir='ltr'><strong>vocat</strong></span> <span class='ocrx_word' id='word_1_341' title='bbox 1361 2883 1582 2958; x_wconf 87' lang='lat' dir='ltr'><strong>Ptolemaeus</strong></span> <span class='ocrx_word' id='word_1_342' title='bbox 1602 2881 1899 2985; x_wconf 77' lang='grc' dir='ltr'><strong>ἆναιτιολογητὰ.</strong></span> 
     </span>
     <span class='ocr_line' id='line_1_27' title="bbox 206 2981 2242 3086; baseline -0.005 -24"><span class='ocrx_word' id='word_1_343' title='bbox 206 2991 303 3086; x_wconf 78' lang='lat' dir='ltr'><strong>quite</strong></span> <span class='ocrx_word' id='word_1_344' title='bbox 321 2981 550 3079; x_wconf 90' lang='lat' dir='ltr'><strong>sophisticum</strong></span> <span class='ocrx_word' id='word_1_345' title='bbox 567 3001 618 3058; x_wconf 93' lang='grc' dir='ltr'><strong>εει</strong></span> <span class='ocrx_word' id='word_1_346' title='bbox 635 2989 841 3058; x_wconf 88' lang='lat' dir='ltr'><strong>manifestae</strong></span> <span class='ocrx_word' id='word_1_347' title='bbox 857 2987 1092 3078; x_wconf 83' lang='lat' dir='ltr'><strong>experientiae</strong></span> <span class='ocrx_word' id='word_1_348' title='bbox 1106 2986 1197 3054; x_wconf 91' lang='lat' dir='ltr'><strong>velle</strong></span> <span class='ocrx_word' id='word_1_349' title='bbox 1346 2984 1537 3080; x_wconf 88' lang='lat' dir='ltr'><strong>Postquam</strong></span> <span class='ocrx_word' id='word_1_350' title='bbox 1565 3003 1683 3059; x_wconf 89' lang='lat' dir='ltr'><strong>autem</strong></span> <span class='ocrx_word' id='word_1_351' title='bbox 1715 2990 1849 3059; x_wconf 91' lang='lat' dir='ltr'><strong>dictum</strong></span> <span class='ocrx_word' id='word_1_352' title='bbox 1871 3000 1940 3070; x_wconf 89' lang='lat' dir='ltr'><strong>est,</strong></span> <span class='ocrx_word' id='word_1_353' title='bbox 1974 2999 2242 3075; x_wconf 87' lang='lat' dir='ltr'><strong>temperamen-</strong></span> 
     </span>
     <span class='ocr_line' id='line_1_28' title="bbox 206 3084 2246 3183; baseline -0.005 -20"><span class='ocrx_word' id='word_1_354' title='bbox 206 3089 456 3164; x_wconf 89' lang='lat' dir='ltr'><strong>contradicere.</strong></span> <span class='ocrx_word' id='word_1_355' title='bbox 508 3084 622 3159; x_wconf 89' lang='lat' dir='ltr'><strong>Addit</strong></span> <span class='ocrx_word' id='word_1_356' title='bbox 640 3103 775 3169; x_wconf 88' lang='lat' dir='ltr'><strong>autem,</strong></span> <span class='ocrx_word' id='word_1_357' title='bbox 798 3113 871 3160; x_wconf 86' lang='lat' dir='ltr'><strong>esse</strong></span> <span class='ocrx_word' id='word_1_358' title='bbox 887 3089 1024 3183; x_wconf 86' lang='lat' dir='ltr'><strong>aliquas</strong></span> <span class='ocrx_word' id='word_1_359' title='bbox 1039 3089 1196 3158; x_wconf 89' lang='lat' dir='ltr'><strong>siderum</strong></span> <span class='ocrx_word' id='word_1_360' title='bbox 1243 3099 1319 3156; x_wconf 88' lang='lat' dir='ltr'><strong>tum</strong></span> <span class='ocrx_word' id='word_1_361' title='bbox 1336 3100 1370 3156; x_wconf 90' lang='lat' dir='ltr'><strong>et</strong></span> <span class='ocrx_word' id='word_1_362' title='bbox 1386 3087 1635 3162; x_wconf 83' lang='lat' dir='ltr'><strong>inclinationes</strong></span> <span class='ocrx_word' id='word_1_363' title='bbox 1648 3092 1695 3160; x_wconf 90' lang='lat' dir='ltr'><strong>ab</strong></span> <span class='ocrx_word' id='word_1_364' title='bbox 1713 3091 1816 3161; x_wconf 93' lang='lat' dir='ltr'><strong>astris</strong></span> <span class='ocrx_word' id='word_1_365' title='bbox 1832 3089 1938 3172; x_wconf 90' lang='lat' dir='ltr'><strong>oriri,</strong></span> <span class='ocrx_word' id='word_1_366' title='bbox 1957 3088 2026 3158; x_wconf 90' lang='lat' dir='ltr'><strong>iam</strong></span> <span class='ocrx_word' id='word_1_367' title='bbox 2044 3089 2246 3178; x_wconf 87' lang='lat' dir='ltr'><strong>prudentes</strong></span> 
     </span>
     <span class='ocr_line' id='line_1_29' title="bbox 206 3185 2247 3285; baseline -0.005 -18"><span class='ocrx_word' id='word_1_368' title='bbox 206 3221 247 3266; x_wconf 89' lang='lat' dir='ltr'><strong>ac</strong></span> <span class='ocrx_word' id='word_1_369' title='bbox 268 3192 413 3263; x_wconf 92' lang='lat' dir='ltr'><strong>luminis</strong></span> <span class='ocrx_word' id='word_1_370' title='bbox 429 3189 647 3272; x_wconf 82' lang='lat' dir='ltr'><strong>affectiones,</strong></span> <span class='ocrx_word' id='word_1_371' title='bbox 674 3190 713 3262; x_wconf 91' lang='lat' dir='ltr'><strong>in</strong></span> <span class='ocrx_word' id='word_1_372' title='bbox 737 3192 919 3262; x_wconf 89' lang='lat' dir='ltr'><strong>elementis</strong></span> <span class='ocrx_word' id='word_1_373' title='bbox 942 3205 977 3262; x_wconf 92' lang='lat' dir='ltr'><strong>et</strong></span> <span class='ocrx_word' id='word_1_374' title='bbox 989 3189 1197 3280; x_wconf 88' lang='lat' dir='ltr'><strong>corporibus</strong></span> <span class='ocrx_word' id='word_1_375' title='bbox 1244 3189 1407 3277; x_wconf 87' lang='lat' dir='ltr'><strong>cogitent,</strong></span> <span class='ocrx_word' id='word_1_376' title='bbox 1423 3216 1586 3282; x_wconf 90' lang='lat' dir='ltr'><strong>magnam</strong></span> <span class='ocrx_word' id='word_1_377' title='bbox 1602 3192 1745 3285; x_wconf 90' lang='lat' dir='ltr'><strong>quidem</strong></span> <span class='ocrx_word' id='word_1_378' title='bbox 1761 3205 1894 3284; x_wconf 90' lang='lat' dir='ltr'><strong>partem</strong></span> <span class='ocrx_word' id='word_1_379' title='bbox 1911 3185 1997 3258; x_wconf 90' lang='lat' dir='ltr'><strong>baec</strong></span> <span class='ocrx_word' id='word_1_380' title='bbox 2010 3189 2111 3260; x_wconf 90' lang='lat' dir='ltr'><strong>initia</strong></span> <span class='ocrx_word' id='word_1_381' title='bbox 2124 3187 2247 3256; x_wconf 87' lang='lat' dir='ltr'><strong>actio-</strong></span> 
     </span>
     <span class='ocr_line' id='line_1_30' title="bbox 147 3285 2247 3388; baseline -0.004 -23"><span class='ocrx_word' id='word_1_382' title='bbox 147 3332 150 3341; x_wconf 87' lang='lat'>·</span> <span class='ocrx_word' id='word_1_383' title='bbox 206 3295 347 3374; x_wconf 84' lang='lat' dir='ltr'><strong>mixtis,</strong></span> <span class='ocrx_word' id='word_1_384' title='bbox 363 3291 494 3384; x_wconf 90' lang='lat' dir='ltr'><strong>plantis</strong></span> <span class='ocrx_word' id='word_1_385' title='bbox 511 3305 546 3362; x_wconf 91' lang='lat' dir='ltr'><strong>et</strong></span> <span class='ocrx_word' id='word_1_386' title='bbox 560 3293 799 3362; x_wconf 89' lang='lat' dir='ltr'><strong>animantibus</strong></span> <span class='ocrx_word' id='word_1_387' title='bbox 811 3295 997 3364; x_wconf 87' lang='lat' dir='ltr'><strong>manifesta</strong></span> <span class='ocrx_word' id='word_1_388' title='bbox 1016 3291 1198 3383; x_wconf 82' lang='lat' dir='ltr'><strong>experien-</strong></span> <span class='ocrx_word' id='word_1_389' title='bbox 1245 3313 1332 3358; x_wconf 88' lang='lat' dir='ltr'><strong>num</strong></span> <span class='ocrx_word' id='word_1_390' title='bbox 1347 3292 1524 3379; x_wconf 91' lang='lat' dir='ltr'><strong>comitari;</strong></span> <span class='ocrx_word' id='word_1_391' title='bbox 1552 3309 1592 3366; x_wconf 90' lang='lat' dir='ltr'><strong>ut</strong></span> <span class='ocrx_word' id='word_1_392' title='bbox 1606 3295 1753 3364; x_wconf 90' lang='lat' dir='ltr'><strong>dicitur:</strong></span> <span class='ocrx_word' id='word_1_393' title='bbox 1781 3301 1936 3362; x_wconf 83' lang='lat' dir='ltr'><strong>naturae</strong></span> <span class='ocrx_word' id='word_1_394' title='bbox 1948 3288 2113 3388; x_wconf 78' lang='lat' dir='ltr'><strong>sequitur</strong></span> <span class='ocrx_word' id='word_1_395' title='bbox 2125 3285 2247 3358; x_wconf 78' lang='lat' dir='ltr'><strong>semi·</strong></span> 
     </span>
     <span class='ocr_line' id='line_1_31' title="bbox 206 3388 2247 3490; baseline -0.006 -20"><span class='ocrx_word' id='word_1_396' title='bbox 206 3397 255 3470; x_wconf 92' lang='lat' dir='ltr'><strong>tia</strong></span> <span class='ocrx_word' id='word_1_397' title='bbox 272 3407 490 3486; x_wconf 90' lang='lat' dir='ltr'><strong>compertum</strong></span> <span class='ocrx_word' id='word_1_398' title='bbox 508 3407 569 3466; x_wconf 89' lang='lat' dir='ltr'><strong>est.</strong></span> <span class='ocrx_word' id='word_1_399' title='bbox 602 3390 652 3464; x_wconf 92' lang='lat' dir='ltr'><strong>Ut</strong></span> <span class='ocrx_word' id='word_1_400' title='bbox 665 3393 795 3463; x_wconf 84' lang='lat' dir='ltr'><strong>scimus</strong></span> <span class='ocrx_word' id='word_1_401' title='bbox 810 3394 928 3482; x_wconf 89' lang='lat' dir='ltr'><strong>ignem</strong></span> <span class='ocrx_word' id='word_1_402' title='bbox 945 3395 1098 3490; x_wconf 83' lang='lat' dir='ltr'><strong>calidum</strong></span> <span class='ocrx_word' id='word_1_403' title='bbox 1114 3415 1198 3474; x_wconf 89' lang='lat' dir='ltr'><strong>esse,</strong></span> <span class='ocrx_word' id='word_1_404' title='bbox 1244 3414 1295 3458; x_wconf 88' lang='lat' dir='ltr'><strong>na</strong></span> <span class='ocrx_word' id='word_1_405' title='bbox 1317 3388 1469 3488; x_wconf 80' lang='lat' dir='ltr'><strong>quisque</strong></span> <span class='ocrx_word' id='word_1_406' title='bbox 1490 3419 1593 3468; x_wconf 83' lang='lat' dir='ltr'><strong>suae.</strong></span> <span class='ocrx_word' id='word_1_407' title='bbox 1653 3395 1724 3466; x_wconf 90' lang='lat' dir='ltr'><strong>Sed</strong></span> <span class='ocrx_word' id='word_1_408' title='bbox 1755 3407 1873 3466; x_wconf 92' lang='lat' dir='ltr'><strong>tamen</strong></span> <span class='ocrx_word' id='word_1_409' title='bbox 1900 3417 1980 3464; x_wconf 89' lang='lat' dir='ltr'><strong>cum</strong></span> <span class='ocrx_word' id='word_1_410' title='bbox 2004 3391 2076 3460; x_wconf 88' lang='lat' dir='ltr'><strong>sint</strong></span> <span class='ocrx_word' id='word_1_411' title='bbox 2096 3403 2247 3461; x_wconf 88' lang='lat' dir='ltr'><strong>tanturn</strong></span> 
     </span>
     <span class='ocr_line' id='line_1_32' title="bbox 206 3488 2248 3594; baseline -0.001 -25"><span class='ocrx_word' id='word_1_412' title='bbox 206 3523 335 3594; x_wconf 89' lang='lat' dir='ltr'><strong>aquam</strong></span> <span class='ocrx_word' id='word_1_413' title='bbox 357 3491 542 3565; x_wconf 88' lang='lat' dir='ltr'><strong>humidam</strong></span> <span class='ocrx_word' id='word_1_414' title='bbox 566 3489 634 3592; x_wconf 93' lang='lat' dir='ltr'><strong>(sic</strong></span> <span class='ocrx_word' id='word_1_415' title='bbox 651 3495 746 3564; x_wconf 90' lang='lat' dir='ltr'><strong>enim</strong></span> <span class='ocrx_word' id='word_1_416' title='bbox 762 3495 890 3588; x_wconf 90' lang='lat' dir='ltr'><strong>loquar</strong></span> <span class='ocrx_word' id='word_1_417' title='bbox 904 3495 1053 3586; x_wconf 83' lang='lat' dir='ltr'><strong>exempli</strong></span> <span class='ocrx_word' id='word_1_418' title='bbox 1064 3488 1196 3587; x_wconf 89' lang='lat' dir='ltr'><strong>causa),</strong></span> <span class='ocrx_word' id='word_1_419' title='bbox 1244 3491 1408 3582; x_wconf 91' lang='lat' dir='ltr'><strong>partiales</strong></span> <span class='ocrx_word' id='word_1_420' title='bbox 1435 3519 1578 3580; x_wconf 89' lang='lat' dir='ltr'><strong>causae,</strong></span> <span class='ocrx_word' id='word_1_421' title='bbox 1612 3497 1768 3568; x_wconf 89' lang='lat' dir='ltr'><strong>actiones</strong></span> <span class='ocrx_word' id='word_1_422' title='bbox 1801 3497 1947 3566; x_wconf 87' lang='lat' dir='ltr'><strong>aliunde</strong></span> <span class='ocrx_word' id='word_1_423' title='bbox 1980 3494 2054 3580; x_wconf 88' lang='lat' dir='ltr'><strong>regi</strong></span> <span class='ocrx_word' id='word_1_424' title='bbox 2075 3507 2248 3584; x_wconf 88' lang='lat' dir='ltr'><strong>possunt.</strong></span> 
     </span>
     <span class='ocr_line' id='line_1_33' title="bbox 206 3589 2249 3692; baseline -0.004 -22"><span class='ocrx_word' id='word_1_425' title='bbox 206 3603 256 3671; x_wconf 92' lang='lat' dir='ltr'><strong>sic</strong></span> <span class='ocrx_word' id='word_1_426' title='bbox 271 3599 399 3669; x_wconf 91' lang='lat' dir='ltr'><strong>scimus</strong></span> <span class='ocrx_word' id='word_1_427' title='bbox 421 3589 568 3687; x_wconf 81' lang='lat' dir='ltr'><strong>corpora</strong></span> <span class='ocrx_word' id='word_1_428' title='bbox 584 3621 602 3664; x_wconf 90' lang='lat' dir='ltr'><strong>a</strong></span> <span class='ocrx_word' id='word_1_429' title='bbox 619 3593 703 3666; x_wconf 91' lang='lat' dir='ltr'><strong>Sole</strong></span> <span class='ocrx_word' id='word_1_430' title='bbox 720 3597 889 3680; x_wconf 88' lang='lat' dir='ltr'><strong>calefieri,</strong></span> <span class='ocrx_word' id='word_1_431' title='bbox 917 3595 1053 3682; x_wconf 78' lang='lat' dir='ltr'><strong>aLuna</strong></span> <span class='ocrx_word' id='word_1_432' title='bbox 1071 3592 1196 3674; x_wconf 86' lang='lat' dir='ltr'><strong>burne-</strong></span> <span class='ocrx_word' id='word_1_433' title='bbox 1229 3590 1296 3665; x_wconf 83' lang='grc' dir='ltr'><strong>,Αε</strong></span> <span class='ocrx_word' id='word_1_434' title='bbox 1316 3617 1455 3666; x_wconf 88' lang='lat' dir='ltr'><strong>necesse</strong></span> <span class='ocrx_word' id='word_1_435' title='bbox 1476 3613 1544 3681; x_wconf 90' lang='lat' dir='ltr'><strong>est,</strong></span> <span class='ocrx_word' id='word_1_436' title='bbox 1565 3621 1644 3681; x_wconf 87' lang='lat' dir='ltr'><strong>eus,</strong></span> <span class='ocrx_word' id='word_1_437' title='bbox 1666 3599 1730 3692; x_wconf 89' lang='lat' dir='ltr'><strong>qui</strong></span> <span class='ocrx_word' id='word_1_438' title='bbox 1745 3599 1931 3688; x_wconf 89' lang='lat' dir='ltr'><strong>disciplina</strong></span> <span class='ocrx_word' id='word_1_439' title='bbox 1948 3597 2100 3688; x_wconf 91' lang='lat' dir='ltr'><strong>quadam</strong></span> <span class='ocrx_word' id='word_1_440' title='bbox 2115 3613 2249 3680; x_wconf 84' lang='lat' dir='ltr'><strong>regere</strong></span> 
     </span>
     <span class='ocr_line' id='line_1_34' title="bbox 205 3695 2249 3790; baseline -0.005 -18"><span class='ocrx_word' id='word_1_441' title='bbox 205 3703 313 3786; x_wconf 89' lang='lat' dir='ltr'><strong>ctari,</strong></span> <span class='ocrx_word' id='word_1_442' title='bbox 346 3697 492 3770; x_wconf 92' lang='lat' dir='ltr'><strong>Saturni</strong></span> <span class='ocrx_word' id='word_1_443' title='bbox 518 3711 552 3768; x_wconf 90' lang='grc' dir='ltr'><strong>ει</strong></span> <span class='ocrx_word' id='word_1_444' title='bbox 572 3697 701 3768; x_wconf 90' lang='lat' dir='ltr'><strong>Martis</strong></span> <span class='ocrx_word' id='word_1_445' title='bbox 723 3699 1009 3770; x_wconf 86' lang='lat' dir='ltr'><strong>coniunctionem</strong></span> <span class='ocrx_word' id='word_1_446' title='bbox 1032 3698 1071 3766; x_wconf 91' lang='lat' dir='ltr'><strong>in</strong></span> <span class='ocrx_word' id='word_1_447' title='bbox 1094 3699 1197 3766; x_wconf 91' lang='lat' dir='ltr'><strong>leone</strong></span> <span class='ocrx_word' id='word_1_448' title='bbox 1244 3695 1352 3764; x_wconf 88' lang='lat' dir='ltr'><strong>vitam</strong></span> <span class='ocrx_word' id='word_1_449' title='bbox 1375 3712 1408 3768; x_wconf 88' lang='lat' dir='ltr'><strong>et</strong></span> <span class='ocrx_word' id='word_1_450' title='bbox 1433 3721 1549 3770; x_wconf 89' lang='lat' dir='ltr'><strong>mores</strong></span> <span class='ocrx_word' id='word_1_451' title='bbox 1572 3700 1719 3784; x_wconf 89' lang='lat' dir='ltr'><strong>volunt,</strong></span> <span class='ocrx_word' id='word_1_452' title='bbox 1747 3701 1837 3770; x_wconf 88' lang='lat' dir='ltr'><strong>scire</strong></span> <span class='ocrx_word' id='word_1_453' title='bbox 1855 3698 2011 3790; x_wconf 90' lang='lat' dir='ltr'><strong>triplices</strong></span> <span class='ocrx_word' id='word_1_454' title='bbox 2028 3719 2101 3764; x_wconf 91' lang='lat' dir='ltr'><strong>esse</strong></span> <span class='ocrx_word' id='word_1_455' title='bbox 2115 3695 2249 3764; x_wconf 85' lang='lat' dir='ltr'><strong>diver-</strong></span> 
     </span>
     <span class='ocr_line' id='line_1_35' title="bbox 206 3793 2250 3883; baseline -0.005 -9"><span class='ocrx_word' id='word_1_456' title='bbox 206 3817 321 3874; x_wconf 90' lang='lat' dir='ltr'><strong>aestus</strong></span> <span class='ocrx_word' id='word_1_457' title='bbox 344 3815 379 3872; x_wconf 90' lang='lat' dir='ltr'><strong>et</strong></span> <span class='ocrx_word' id='word_1_458' title='bbox 399 3799 571 3870; x_wconf 87' lang='lat' dir='ltr'><strong>siccitates</strong></span> <span class='ocrx_word' id='word_1_459' title='bbox 590 3799 722 3883; x_wconf 90' lang='lat' dir='ltr'><strong>facere,</strong></span> <span class='ocrx_word' id='word_1_460' title='bbox 746 3797 868 3870; x_wconf 90' lang='lat' dir='ltr'><strong>Lunae</strong></span> <span class='ocrx_word' id='word_1_461' title='bbox 883 3813 919 3872; x_wconf 91' lang='lat' dir='ltr'><strong>et</strong></span> <span class='ocrx_word' id='word_1_462' title='bbox 934 3797 1028 3870; x_wconf 89' lang='lat' dir='ltr'><strong>lovis</strong></span> <span class='ocrx_word' id='word_1_463' title='bbox 1045 3800 1197 3870; x_wconf 92' lang='lat' dir='ltr'><strong>coniun·</strong></span> <span class='ocrx_word' id='word_1_464' title='bbox 1243 3797 1397 3868; x_wconf 90' lang='lat' dir='ltr'><strong>sissimas</strong></span> <span class='ocrx_word' id='word_1_465' title='bbox 1420 3804 1599 3873; x_wconf 88' lang='lat' dir='ltr'><strong>actionum</strong></span> <span class='ocrx_word' id='word_1_466' title='bbox 1623 3796 1859 3872; x_wconf 89' lang='lat' dir='ltr'><strong>humanarum</strong></span> <span class='ocrx_word' id='word_1_467' title='bbox 1887 3822 2019 3870; x_wconf 84' lang='lat' dir='ltr'><strong>causas.</strong></span> <span class='ocrx_word' id='word_1_468' title='bbox 2069 3793 2250 3866; x_wconf 86' lang='lat' dir='ltr'><strong>Usitatis-</strong></span> 
     </span>
     <span class='ocr_line' id='line_1_36' title="bbox 207 3895 2250 3995; baseline -0.005 -20"><span class='ocrx_word' id='word_1_469' title='bbox 207 3906 360 3978; x_wconf 92' lang='lat' dir='ltr'><strong>ctionem</strong></span> <span class='ocrx_word' id='word_1_470' title='bbox 377 3925 503 3970; x_wconf 90' lang='lat' dir='ltr'><strong>cancro</strong></span> <span class='ocrx_word' id='word_1_471' title='bbox 518 3923 645 3990; x_wconf 89' lang='lat' dir='ltr'><strong>augere</strong></span> <span class='ocrx_word' id='word_1_472' title='bbox 657 3895 838 3974; x_wconf 89' lang='lat' dir='ltr'><strong>humores.</strong></span> <span class='ocrx_word' id='word_1_473' title='bbox 1244 3899 1330 3968; x_wconf 91' lang='lat' dir='ltr'><strong>sima</strong></span> <span class='ocrx_word' id='word_1_474' title='bbox 1349 3914 1399 3970; x_wconf 91' lang='lat' dir='ltr'><strong>est</strong></span> <span class='ocrx_word' id='word_1_475' title='bbox 1414 3905 1596 3990; x_wconf 90' lang='lat' dir='ltr'><strong>voluntas,</strong></span> <span class='ocrx_word' id='word_1_476' title='bbox 1622 3925 1712 3995; x_wconf 86' lang='lat' dir='ltr'><strong>quae</strong></span> <span class='ocrx_word' id='word_1_477' title='bbox 1734 3917 1796 3974; x_wconf 91' lang='lat' dir='ltr'><strong>aut</strong></span> <span class='ocrx_word' id='word_1_478' title='bbox 1814 3901 2021 3983; x_wconf 88' lang='lat' dir='ltr'><strong>assentitur,</strong></span> <span class='ocrx_word' id='word_1_479' title='bbox 2045 3910 2105 3968; x_wconf 91' lang='lat' dir='ltr'><strong>aut</strong></span> <span class='ocrx_word' id='word_1_480' title='bbox 2124 3920 2250 3986; x_wconf 90' lang='lat' dir='ltr'><strong>repu-</strong></span> 
     </span>
    </p>

    <p class='ocr_par' dir='ltr' id='par_1_10' title="bbox 208 3997 2250 4703">
     <span class='ocr_line' id='line_1_37' title="bbox 307 3997 2250 4096; baseline -0.003 -23"><span class='ocrx_word' id='word_1_481' title='bbox 307 4003 492 4074; x_wconf 88' lang='lat' dir='ltr'><strong>Haeccum</strong></span> <span class='ocrx_word' id='word_1_482' title='bbox 505 4016 670 4094; x_wconf 89' lang='lat' dir='ltr'><strong>perpetua</strong></span> <span class='ocrx_word' id='word_1_483' title='bbox 681 4003 893 4094; x_wconf 84' lang='lat' dir='ltr'><strong>experientia</strong></span> <span class='ocrx_word' id='word_1_484' title='bbox 907 4002 1024 4093; x_wconf 82' lang='lat' dir='ltr'><strong>palam</strong></span> <span class='ocrx_word' id='word_1_485' title='bbox 1041 4015 1197 4088; x_wconf 91' lang='lat' dir='ltr'><strong>testetur,</strong></span> <span class='ocrx_word' id='word_1_486' title='bbox 1244 4012 1326 4090; x_wconf 89' lang='lat' dir='ltr'><strong>gnat</strong></span> <span class='ocrx_word' id='word_1_487' title='bbox 1353 4008 1660 4096; x_wconf 82' lang='lat' dir='ltr'><strong>temperamentis,</strong></span> <span class='ocrx_word' id='word_1_488' title='bbox 1695 4020 1735 4076; x_wconf 92' lang='lat' dir='ltr'><strong>ut</strong></span> <span class='ocrx_word' id='word_1_489' title='bbox 1762 4003 1802 4074; x_wconf 85' lang='lat' dir='ltr'><strong>C.</strong></span> <span class='ocrx_word' id='word_1_490' title='bbox 1824 4003 1953 4074; x_wconf 87' lang='lat' dir='ltr'><strong>Caesar</strong></span> <span class='ocrx_word' id='word_1_491' title='bbox 1973 4013 2142 4091; x_wconf 86' lang='lat' dir='ltr'><strong>repugnat</strong></span> <span class='ocrx_word' id='word_1_492' title='bbox 2161 3997 2250 4068; x_wconf 83' lang='lat' dir='ltr'><strong>ira-</strong></span> 
     </span>
     <span class='ocr_line' id='line_1_38' title="bbox 208 4099 2250 4198; baseline -0.002 -20"><span class='ocrx_word' id='word_1_493' title='bbox 208 4132 283 4178; x_wconf 92' lang='lat' dir='ltr'><strong>nou</strong></span> <span class='ocrx_word' id='word_1_494' title='bbox 298 4106 406 4176; x_wconf 89' lang='lat' dir='ltr'><strong>dubia</strong></span> <span class='ocrx_word' id='word_1_495' title='bbox 421 4117 525 4184; x_wconf 89' lang='lat' dir='ltr'><strong>sunt,</strong></span> <span class='ocrx_word' id='word_1_496' title='bbox 549 4105 620 4174; x_wconf 90' lang='lat' dir='ltr'><strong>nisi</strong></span> <span class='ocrx_word' id='word_1_497' title='bbox 633 4103 712 4196; x_wconf 90' lang='lat' dir='ltr'><strong>quis</strong></span> <span class='ocrx_word' id='word_1_498' title='bbox 726 4099 935 4194; x_wconf 90' lang='lat' dir='ltr'><strong>sophistice,</strong></span> <span class='ocrx_word' id='word_1_499' title='bbox 959 4103 1196 4192; x_wconf 85' lang='lat' dir='ltr'><strong>utAnaxago-</strong></span> <span class='ocrx_word' id='word_1_500' title='bbox 1244 4101 1414 4187; x_wconf 90' lang='lat' dir='ltr'><strong>cundiae,</strong></span> <span class='ocrx_word' id='word_1_501' title='bbox 1449 4133 1531 4180; x_wconf 82' lang='lat' dir='ltr'><strong>cum</strong></span> <span class='ocrx_word' id='word_1_502' title='bbox 1565 4109 1677 4178; x_wconf 86' lang='lat' dir='ltr'><strong>victos</strong></span> <span class='ocrx_word' id='word_1_503' title='bbox 1708 4105 1886 4198; x_wconf 91' lang='lat' dir='ltr'><strong>principes</strong></span> <span class='ocrx_word' id='word_1_504' title='bbox 1920 4105 1959 4174; x_wconf 90' lang='lat' dir='ltr'><strong>in</strong></span> <span class='ocrx_word' id='word_1_505' title='bbox 1992 4101 2142 4194; x_wconf 81' lang='lat' dir='ltr'><strong>patriam</strong></span> <span class='ocrx_word' id='word_1_506' title='bbox 2175 4123 2250 4170; x_wconf 76' lang='lat' dir='ltr'><strong>re-</strong></span> 
     </span>
     <span class='ocr_line' id='line_1_39' title="bbox 208 4202 1354 4298; baseline -0.002 -20"><span class='ocrx_word' id='word_1_507' title='bbox 208 4233 284 4296; x_wconf 86' lang='lat' dir='ltr'><strong>ras,</strong></span> <span class='ocrx_word' id='word_1_508' title='bbox 310 4207 489 4298; x_wconf 88' lang='lat' dir='ltr'><strong>disputare</strong></span> <span class='ocrx_word' id='word_1_509' title='bbox 505 4205 610 4286; x_wconf 89' lang='lat' dir='ltr'><strong>velit,</strong></span> <span class='ocrx_word' id='word_1_510' title='bbox 634 4205 752 4272; x_wconf 90' lang='lat' dir='ltr'><strong>nivem</strong></span> <span class='ocrx_word' id='word_1_511' title='bbox 769 4218 880 4274; x_wconf 90' lang='lat' dir='ltr'><strong>atram</strong></span> <span class='ocrx_word' id='word_1_512' title='bbox 898 4227 983 4280; x_wconf 87' lang='lat' dir='ltr'><strong>esse.</strong></span> <span class='ocrx_word' id='word_1_513' title='bbox 1024 4202 1115 4276; x_wconf 89' lang='lat' dir='ltr'><strong>Cum</strong></span> <span class='ocrx_word' id='word_1_514' title='bbox 1131 4207 1198 4294; x_wconf 90' lang='lat' dir='ltr'><strong>igi·</strong></span> <span class='ocrx_word' id='word_1_515' title='bbox 1244 4215 1354 4276; x_wconf 87' lang='lat' dir='ltr'><strong>vocat.</strong></span> 
     </span>
     <span class='ocr_line' id='line_1_40' title="bbox 210 4299 2249 4402; baseline -0.005 -21"><span class='ocrx_word' id='word_1_516' title='bbox 210 4299 268 4381; x_wconf 84' lang='lat' dir='ltr'><strong>tur</strong></span> <span class='ocrx_word' id='word_1_517' title='bbox 295 4311 375 4378; x_wconf 87' lang='lat' dir='ltr'><strong>sint·</strong></span> <span class='ocrx_word' id='word_1_518' title='bbox 400 4307 538 4402; x_wconf 90' lang='lat' dir='ltr'><strong>aliquae</strong></span> <span class='ocrx_word' id='word_1_519' title='bbox 567 4305 770 4376; x_wconf 83' lang='lat' dir='ltr'><strong>ellectioncs</strong></span> <span class='ocrx_word' id='word_1_520' title='bbox 796 4307 982 4378; x_wconf 84' lang='lat' dir='ltr'><strong>&#39;astrorum</strong></span> <span class='ocrx_word' id='word_1_521' title='bbox 1013 4319 1048 4376; x_wconf 89' lang='lat' dir='ltr'><strong>et</strong></span> <span class='ocrx_word' id='word_1_522' title='bbox 1076 4331 1197 4376; x_wconf 90' lang='lat' dir='ltr'><strong>earum</strong></span> <span class='ocrx_word' id='word_1_523' title='bbox 1343 4299 1424 4374; x_wconf 85' lang='lat' dir='ltr'><strong>Alia</strong></span> <span class='ocrx_word' id='word_1_524' title='bbox 1446 4328 1550 4376; x_wconf 90' lang='lat' dir='ltr'><strong>causa</strong></span> <span class='ocrx_word' id='word_1_525' title='bbox 1571 4308 1778 4400; x_wconf 89' lang='lat' dir='ltr'><strong>principalis</strong></span> <span class='ocrx_word' id='word_1_526' title='bbox 1803 4321 1855 4380; x_wconf 89' lang='lat' dir='ltr'><strong>cst</strong></span> <span class='ocrx_word' id='word_1_527' title='bbox 1879 4309 1981 4389; x_wconf 86' lang='lat' dir='ltr'><strong>deus,</strong></span> <span class='ocrx_word' id='word_1_528' title='bbox 2006 4319 2047 4376; x_wconf 90' lang='lat' dir='ltr'><strong>ut</strong></span> <span class='ocrx_word' id='word_1_529' title='bbox 2069 4325 2149 4372; x_wconf 89' lang='lat' dir='ltr'><strong>curn</strong></span> <span class='ocrx_word' id='word_1_530' title='bbox 2174 4325 2249 4374; x_wconf 89' lang='lat' dir='ltr'><strong>ac-</strong></span> 
     </span>
     <span class='ocr_line' id='line_1_41' title="bbox 211 4399 2248 4503; baseline -0.002 -23"><span class='ocrx_word' id='word_1_531' title='bbox 211 4399 471 4487; x_wconf 74' lang='lat' dir='ltr'><strong>animadversio</strong></span> <span class='ocrx_word' id='word_1_532' title='bbox 498 4422 609 4478; x_wconf 90' lang='lat' dir='ltr'><strong>artem</strong></span> <span class='ocrx_word' id='word_1_533' title='bbox 639 4407 831 4503; x_wconf 89' lang='lat' dir='ltr'><strong>pepererit,</strong></span> <span class='ocrx_word' id='word_1_534' title='bbox 857 4431 933 4476; x_wconf 89' lang='lat' dir='ltr'><strong>non</strong></span> <span class='ocrx_word' id='word_1_535' title='bbox 957 4409 1198 4479; x_wconf 86' lang='lat' dir='ltr'><strong>inanem-esse</strong></span> <span class='ocrx_word' id='word_1_536' title='bbox 1245 4405 1409 4476; x_wconf 89' lang='lat' dir='ltr'><strong>cenditur</strong></span> <span class='ocrx_word' id='word_1_537' title='bbox 1426 4401 1561 4492; x_wconf 91' lang='lat' dir='ltr'><strong>David,</strong></span> <span class='ocrx_word' id='word_1_538' title='bbox 1586 4413 1836 4502; x_wconf 90' lang='lat' dir='ltr'><strong>utproelietur</strong></span> <span class='ocrx_word' id='word_1_539' title='bbox 1853 4433 1932 4480; x_wconf 89' lang='lat' dir='ltr'><strong>cum</strong></span> <span class='ocrx_word' id='word_1_540' title='bbox 1942 4401 2100 4477; x_wconf 89' lang='lat' dir='ltr'><strong>Goliath.</strong></span> <span class='ocrx_word' id='word_1_541' title='bbox 2136 4401 2248 4476; x_wconf 83' lang='lat' dir='ltr'><strong>llaec</strong></span> 
     </span>
     <span class='ocr_line' id='line_1_42' title="bbox 210 4507 2246 4604; baseline -0.004 -22"><span class='ocrx_word' id='word_1_542' title='bbox 210 4507 302 4598; x_wconf 82' lang='lat' dir='ltr'><strong>hanc</strong></span> <span class='ocrx_word' id='word_1_543' title='bbox 318 4510 562 4586; x_wconf 87' lang='lat' dir='ltr'><strong>divinatricem</strong></span> <span class='ocrx_word' id='word_1_544' title='bbox 585 4531 721 4580; x_wconf 88' lang='lat' dir='ltr'><strong>necesse</strong></span> <span class='ocrx_word' id='word_1_545' title='bbox 736 4522 798 4583; x_wconf 87' lang='lat' dir='ltr'><strong>est.</strong></span> <span class='ocrx_word' id='word_1_546' title='bbox 849 4507 920 4580; x_wconf 91' lang='lat' dir='ltr'><strong>Sed</strong></span> <span class='ocrx_word' id='word_1_547' title='bbox 937 4523 1047 4580; x_wconf 88' lang='lat' dir='ltr'><strong>metae</strong></span> <span class='ocrx_word' id='word_1_548' title='bbox 1066 4509 1198 4580; x_wconf 89' lang='lat' dir='ltr'><strong>consti·</strong></span> <span class='ocrx_word' id='word_1_549' title='bbox 1245 4507 1335 4576; x_wconf 91' lang='lat' dir='ltr'><strong>actio</strong></span> <span class='ocrx_word' id='word_1_550' title='bbox 1360 4523 1395 4579; x_wconf 85' lang='lat' dir='ltr'><strong>st</strong></span> <span class='ocrx_word' id='word_1_551' title='bbox 1415 4507 1563 4593; x_wconf 89' lang='lat' dir='ltr'><strong>similes,</strong></span> <span class='ocrx_word' id='word_1_552' title='bbox 1589 4513 1710 4602; x_wconf 90' lang='lat' dir='ltr'><strong>quales</strong></span> <span class='ocrx_word' id='word_1_553' title='bbox 1727 4528 1810 4583; x_wconf 90' lang='lat' dir='ltr'><strong>sunt</strong></span> <span class='ocrx_word' id='word_1_554' title='bbox 1827 4511 1966 4604; x_wconf 91' lang='lat' dir='ltr'><strong>piorum</strong></span> <span class='ocrx_word' id='word_1_555' title='bbox 1982 4508 2133 4592; x_wconf 88' lang='lat' dir='ltr'><strong>multae,</strong></span> <span class='ocrx_word' id='word_1_556' title='bbox 2157 4529 2246 4578; x_wconf 88' lang='lat' dir='ltr'><strong>non</strong></span> 
     </span>
     <span class='ocr_line' id='line_1_43' title="bbox 210 4607 2246 4703; baseline -0.004 -15"><span class='ocrx_word' id='word_1_557' title='bbox 210 4628 356 4688; x_wconf 91' lang='lat' dir='ltr'><strong>tuantur</strong></span> <span class='ocrx_word' id='word_1_558' title='bbox 371 4613 441 4680; x_wconf 91' lang='lat' dir='ltr'><strong>iam</strong></span> <span class='ocrx_word' id='word_1_559' title='bbox 458 4625 560 4682; x_wconf 90' lang='lat' dir='ltr'><strong>antea</strong></span> <span class='ocrx_word' id='word_1_560' title='bbox 575 4636 594 4682; x_wconf 89' lang='lat' dir='ltr'><strong>a</strong></span> <span class='ocrx_word' id='word_1_561' title='bbox 611 4607 812 4683; x_wconf 88' lang='lat' dir='ltr'><strong>Ptolemaeo</strong></span> <span class='ocrx_word' id='word_1_562' title='bbox 829 4613 1074 4703; x_wconf 86' lang='lat' dir='ltr'><strong>praescriptae.</strong></span> <span class='ocrx_word' id='word_1_563' title='bbox 1245 4607 1383 4678; x_wconf 90' lang='lat' dir='ltr'><strong>cientur</strong></span> <span class='ocrx_word' id='word_1_564' title='bbox 1401 4609 1582 4680; x_wconf 88' lang='lat' dir='ltr'><strong>stellarum</strong></span> <span class='ocrx_word' id='word_1_565' title='bbox 1606 4612 1744 4683; x_wconf 89' lang='lat' dir='ltr'><strong>viribus</strong></span> <span class='ocrx_word' id='word_1_566' title='bbox 1767 4627 1827 4686; x_wconf 85' lang='lat' dir='ltr'><strong>aut</strong></span> <span class='ocrx_word' id='word_1_567' title='bbox 1844 4608 2145 4701; x_wconf 78' lang='lat' dir='ltr'><strong>temperamentis,</strong></span> <span class='ocrx_word' id='word_1_568' title='bbox 2169 4612 2246 4679; x_wconf 84' lang='lat' dir='ltr'><strong>sed</strong></span> 
     </span>
    </p>

    <p class='ocr_par' dir='ltr' id='par_1_11' title="bbox 209 4706 2248 5314">
     <span class='ocr_line' id='line_1_44' title="bbox 309 4706 2248 4808; baseline -0.004 -24"><span class='ocrx_word' id='word_1_569' title='bbox 309 4713 448 4784; x_wconf 88' lang='lat' dir='ltr'><strong>Lumen</strong></span> <span class='ocrx_word' id='word_1_570' title='bbox 463 4706 606 4784; x_wconf 87' lang='lat' dir='ltr'><strong>advebit</strong></span> <span class='ocrx_word' id='word_1_571' title='bbox 621 4711 805 4807; x_wconf 89' lang='lat' dir='ltr'><strong>qualitates</strong></span> <span class='ocrx_word' id='word_1_572' title='bbox 825 4713 956 4805; x_wconf 92' lang='lat' dir='ltr'><strong>primas</strong></span> <span class='ocrx_word' id='word_1_573' title='bbox 974 4726 1010 4784; x_wconf 91' lang='lat' dir='ltr'><strong>et</strong></span> <span class='ocrx_word' id='word_1_574' title='bbox 1026 4712 1198 4803; x_wconf 80' lang='lat' dir='ltr'><strong>proximas</strong></span> <span class='ocrx_word' id='word_1_575' title='bbox 1245 4723 1329 4782; x_wconf 88' lang='lat' dir='ltr'><strong>sunt</strong></span> <span class='ocrx_word' id='word_1_576' title='bbox 1350 4723 1468 4780; x_wconf 89' lang='lat' dir='ltr'><strong>motus</strong></span> <span class='ocrx_word' id='word_1_577' title='bbox 1490 4713 1625 4798; x_wconf 90' lang='lat' dir='ltr'><strong>divini,</strong></span> <span class='ocrx_word' id='word_1_578' title='bbox 1652 4740 1740 4808; x_wconf 87' lang='lat' dir='ltr'><strong>quos</strong></span> <span class='ocrx_word' id='word_1_579' title='bbox 1762 4715 1842 4786; x_wconf 88' lang='lat' dir='ltr'><strong>ideo</strong></span> <span class='ocrx_word' id='word_1_580' title='bbox 1866 4713 2053 4801; x_wconf 89' lang='lat' dir='ltr'><strong>diligenter</strong></span> <span class='ocrx_word' id='word_1_581' title='bbox 2071 4709 2248 4780; x_wconf 88' lang='lat' dir='ltr'><strong>conside-</strong></span> 
     </span>
     <span class='ocr_line' id='line_1_45' title="bbox 211 4807 2247 4908; baseline -0.004 -18"><span class='ocrx_word' id='word_1_582' title='bbox 211 4845 252 4890; x_wconf 81' lang='lat' dir='ltr'><strong>ex</strong></span> <span class='ocrx_word' id='word_1_583' title='bbox 272 4813 329 4886; x_wconf 89' lang='lat' dir='ltr'><strong>his</strong></span> <span class='ocrx_word' id='word_1_584' title='bbox 353 4807 511 4889; x_wconf 67' lang='lat' dir='ltr'><strong>ortas&#39;in</strong></span> <span class='ocrx_word' id='word_1_585' title='bbox 532 4815 599 4886; x_wconf 88' lang='lat' dir='ltr'><strong>alia</strong></span> <span class='ocrx_word' id='word_1_586' title='bbox 619 4840 778 4908; x_wconf 88' lang='lat' dir='ltr'><strong>corpora.</strong></span> <span class='ocrx_word' id='word_1_587' title='bbox 837 4812 893 4883; x_wconf 91' lang='lat' dir='ltr'><strong>De</strong></span> <span class='ocrx_word' id='word_1_588' title='bbox 914 4821 995 4886; x_wconf 78' lang='lat' dir='ltr'><strong>ae&#39;re</strong></span> <span class='ocrx_word' id='word_1_589' title='bbox 1018 4810 1074 4884; x_wconf 91' lang='lat' dir='ltr'><strong>his</strong></span> <span class='ocrx_word' id='word_1_590' title='bbox 1095 4815 1199 4882; x_wconf 91' lang='lat' dir='ltr'><strong>annis</strong></span> <span class='ocrx_word' id='word_1_591' title='bbox 1245 4811 1318 4882; x_wconf 91' lang='lat' dir='ltr'><strong>rari</strong></span> <span class='ocrx_word' id='word_1_592' title='bbox 1340 4814 1502 4904; x_wconf 91' lang='lat' dir='ltr'><strong>prodest,</strong></span> <span class='ocrx_word' id='word_1_593' title='bbox 1535 4828 1576 4884; x_wconf 88' lang='lat' dir='ltr'><strong>ut</strong></span> <span class='ocrx_word' id='word_1_594' title='bbox 1596 4839 1663 4888; x_wconf 91' lang='lat' dir='ltr'><strong>nos</strong></span> <span class='ocrx_word' id='word_1_595' title='bbox 1688 4815 1955 4888; x_wconf 88' lang='lat' dir='ltr'><strong>assuefaciamus</strong></span> <span class='ocrx_word' id='word_1_596' title='bbox 1977 4813 2021 4880; x_wconf 95' lang='lat' dir='ltr'><strong>ad</strong></span> <span class='ocrx_word' id='word_1_597' title='bbox 2045 4811 2247 4902; x_wconf 85' lang='lat' dir='ltr'><strong>petendam</strong></span> 
     </span>
     <span class='ocr_line' id='line_1_46' title="bbox 209 4913 2246 5008; baseline -0.005 -16"><span class='ocrx_word' id='word_1_598' title='bbox 209 4917 331 4992; x_wconf 87' lang='lat' dir='ltr'><strong>multis</strong></span> <span class='ocrx_word' id='word_1_599' title='bbox 355 4915 547 4988; x_wconf 86' lang='lat' dir='ltr'><strong>certissima</strong></span> <span class='ocrx_word' id='word_1_600' title='bbox 571 4917 772 4988; x_wconf 87' lang='lat' dir='ltr'><strong>testimonia</strong></span> <span class='ocrx_word' id='word_1_601' title='bbox 795 4914 968 5001; x_wconf 84' lang='lat' dir='ltr'><strong>vidimus,</strong></span> <span class='ocrx_word' id='word_1_602' title='bbox 1000 4939 1089 5008; x_wconf 91' lang='lat' dir='ltr'><strong>quae</strong></span> <span class='ocrx_word' id='word_1_603' title='bbox 1112 4939 1198 4984; x_wconf 87' lang='lat' dir='ltr'><strong>con·</strong></span> <span class='ocrx_word' id='word_1_604' title='bbox 1245 4939 1265 4982; x_wconf 95' lang='lat' dir='ltr'><strong>a</strong></span> <span class='ocrx_word' id='word_1_605' title='bbox 1298 4915 1365 4984; x_wconf 92' lang='lat' dir='ltr'><strong>deo</strong></span> <span class='ocrx_word' id='word_1_606' title='bbox 1397 4915 1703 5004; x_wconf 88' lang='lat' dir='ltr'><strong>gubernationem.</strong></span> <span class='ocrx_word' id='word_1_607' title='bbox 1761 4917 1899 4988; x_wconf 90' lang='lat' dir='ltr'><strong>Multae</strong></span> <span class='ocrx_word' id='word_1_608' title='bbox 1926 4926 2010 4986; x_wconf 88' lang='lat' dir='ltr'><strong>sunt</strong></span> <span class='ocrx_word' id='word_1_609' title='bbox 2033 4936 2162 5004; x_wconf 79' lang='lat' dir='ltr'><strong>pravae</strong></span> <span class='ocrx_word' id='word_1_610' title='bbox 2199 4913 2246 4984; x_wconf 87' lang='lat' dir='ltr'><strong>in</strong></span> 
     </span>
     <span class='ocr_line' id='line_1_47' title="bbox 209 5013 2246 5110; baseline -0.005 -15"><span class='ocrx_word' id='word_1_611' title='bbox 209 5019 409 5094; x_wconf 77' lang='lat' dir='ltr'><strong>functiones</strong></span> <span class='ocrx_word' id='word_1_612' title='bbox 423 5032 457 5088; x_wconf 94' lang='grc' dir='ltr'><strong>ει</strong></span> <span class='ocrx_word' id='word_1_613' title='bbox 473 5015 616 5107; x_wconf 89' lang='lat' dir='ltr'><strong>eclipses</strong></span> <span class='ocrx_word' id='word_1_614' title='bbox 632 5032 808 5102; x_wconf 88' lang='lat' dir='ltr'><strong>aestuum,</strong></span> <span class='ocrx_word' id='word_1_615' title='bbox 839 5041 930 5110; x_wconf 90' lang='lat' dir='ltr'><strong>quae</strong></span> <span class='ocrx_word' id='word_1_616' title='bbox 946 5013 1198 5088; x_wconf 91' lang='lat' dir='ltr'><strong>humiditatum</strong></span> <span class='ocrx_word' id='word_1_617' title='bbox 1245 5015 1414 5086; x_wconf 91' lang='lat' dir='ltr'><strong>omnibus</strong></span> <span class='ocrx_word' id='word_1_618' title='bbox 1436 5017 1705 5104; x_wconf 88' lang='lat' dir='ltr'><strong>inclinationes,</strong></span> <span class='ocrx_word' id='word_1_619' title='bbox 1728 5035 1779 5105; x_wconf 83' lang='lat' dir='ltr'><strong>et,</strong></span> <span class='ocrx_word' id='word_1_620' title='bbox 1804 5034 1845 5090; x_wconf 91' lang='lat' dir='ltr'><strong>ut</strong></span> <span class='ocrx_word' id='word_1_621' title='bbox 1865 5017 1937 5087; x_wconf 91' lang='lat' dir='ltr'><strong>sint</strong></span> <span class='ocrx_word' id='word_1_622' title='bbox 1957 5017 2091 5098; x_wconf 88' lang='lat' dir='ltr'><strong>bonae,</strong></span> <span class='ocrx_word' id='word_1_623' title='bbox 2115 5028 2246 5084; x_wconf 87' lang='lat' dir='ltr'><strong>tamen</strong></span> 
     </span>
     <span class='ocr_line' id='line_1_48' title="bbox 209 5110 2246 5214; baseline -0.004 -19"><span class='ocrx_word' id='word_1_624' title='bbox 209 5146 417 5214; x_wconf 86' lang='lat' dir='ltr'><strong>magnarum</strong></span> <span class='ocrx_word' id='word_1_625' title='bbox 448 5141 552 5190; x_wconf 86' lang='lat' dir='ltr'><strong>eausa</strong></span> <span class='ocrx_word' id='word_1_626' title='bbox 586 5117 729 5194; x_wconf 82' lang='lat' dir='ltr'><strong>fuerint.</strong></span> <span class='ocrx_word' id='word_1_627' title='bbox 795 5117 867 5190; x_wconf 91' lang='lat' dir='ltr'><strong>Sed</strong></span> <span class='ocrx_word' id='word_1_628' title='bbox 900 5119 945 5188; x_wconf 92' lang='lat' dir='ltr'><strong>de</strong></span> <span class='ocrx_word' id='word_1_629' title='bbox 970 5113 1116 5188; x_wconf 90' lang='lat' dir='ltr'><strong>homine</strong></span> <span class='ocrx_word' id='word_1_630' title='bbox 1142 5119 1199 5188; x_wconf 87' lang='lat' dir='ltr'><strong>di-</strong></span> <span class='ocrx_word' id='word_1_631' title='bbox 1245 5139 1371 5206; x_wconf 87' lang='lat' dir='ltr'><strong>magna</strong></span> <span class='ocrx_word' id='word_1_632' title='bbox 1390 5129 1440 5212; x_wconf 85' lang='lat' dir='ltr'><strong>est</strong></span> <span class='ocrx_word' id='word_1_633' title='bbox 1456 5113 1647 5194; x_wconf 86' lang='lat' dir='ltr'><strong>hominum</strong></span> <span class='ocrx_word' id='word_1_634' title='bbox 1659 5121 1912 5206; x_wconf 87' lang='lat' dir='ltr'><strong>infirmitas,et</strong></span> <span class='ocrx_word' id='word_1_635' title='bbox 1928 5139 2082 5198; x_wconf 88' lang='lat' dir='ltr'><strong>errores,</strong></span> <span class='ocrx_word' id='word_1_636' title='bbox 2102 5140 2142 5184; x_wconf 84' lang='lat' dir='ltr'><strong>ac</strong></span> <span class='ocrx_word' id='word_1_637' title='bbox 2154 5110 2246 5186; x_wconf 85' lang='lat' dir='ltr'><strong>hal-</strong></span> 
     </span>
     <span class='ocr_line' id='line_1_49' title="bbox 209 5217 2246 5314; baseline -0.006 -16"><span class='ocrx_word' id='word_1_638' title='bbox 209 5249 340 5298; x_wconf 87' lang='lat' dir='ltr'><strong>camus.</strong></span> <span class='ocrx_word' id='word_1_639' title='bbox 1244 5217 1479 5290; x_wconf 91' lang='lat' dir='ltr'><strong>lucinationes</strong></span> <span class='ocrx_word' id='word_1_640' title='bbox 1493 5221 1680 5310; x_wconf 88' lang='lat' dir='ltr'><strong>plurimae.</strong></span> <span class='ocrx_word' id='word_1_641' title='bbox 1724 5222 1844 5313; x_wconf 89' lang='lat' dir='ltr'><strong>Quare</strong></span> <span class='ocrx_word' id='word_1_642' title='bbox 1860 5245 1950 5314; x_wconf 87' lang='lat' dir='ltr'><strong>opus</strong></span> <span class='ocrx_word' id='word_1_643' title='bbox 1966 5231 2019 5288; x_wconf 91' lang='lat' dir='ltr'><strong>est</strong></span> <span class='ocrx_word' id='word_1_644' title='bbox 2032 5217 2155 5286; x_wconf 90' lang='lat' dir='ltr'><strong>divina</strong></span> <span class='ocrx_word' id='word_1_645' title='bbox 2169 5239 2246 5304; x_wconf 88' lang='lat' dir='ltr'><strong>gu-</strong></span> 
     </span>
    </p>

    <p class='ocr_par' dir='ltr' id='par_1_12' title="bbox 208 5313 2245 5528">
     <span class='ocr_line' id='line_1_50' title="bbox 309 5313 2244 5414; baseline -0.004 -18"><span class='ocrx_word' id='word_1_646' title='bbox 309 5323 432 5405; x_wconf 88' lang='lat' dir='ltr'><strong>Crases</strong></span> <span class='ocrx_word' id='word_1_647' title='bbox 445 5317 684 5406; x_wconf 85' lang='lat' dir='ltr'><strong>humanorum</strong></span> <span class='ocrx_word' id='word_1_648' title='bbox 699 5321 1000 5414; x_wconf 77' lang='lat' dir='ltr'><strong>corporum‚,etsi</strong></span> <span class='ocrx_word' id='word_1_649' title='bbox 1011 5321 1123 5394; x_wconf 88' lang='lat' dir='ltr'><strong>multa</strong></span> <span class='ocrx_word' id='word_1_650' title='bbox 1137 5345 1199 5394; x_wconf 82' lang='lat' dir='ltr'><strong>su·</strong></span> <span class='ocrx_word' id='word_1_651' title='bbox 1245 5321 1471 5403; x_wconf 91' lang='lat' dir='ltr'><strong>bernatione,</strong></span> <span class='ocrx_word' id='word_1_652' title='bbox 1498 5323 1595 5392; x_wconf 92' lang='lat' dir='ltr'><strong>utin</strong></span> <span class='ocrx_word' id='word_1_653' title='bbox 1617 5326 1761 5414; x_wconf 86' lang='lat' dir='ltr'><strong>psalmis</strong></span> <span class='ocrx_word' id='word_1_654' title='bbox 1782 5325 1934 5394; x_wconf 88' lang='lat' dir='ltr'><strong>subinde</strong></span> <span class='ocrx_word' id='word_1_655' title='bbox 1956 5319 2102 5392; x_wconf 89' lang='lat' dir='ltr'><strong>dicitur:</strong></span> <span class='ocrx_word' id='word_1_656' title='bbox 2151 5313 2244 5388; x_wconf 86' lang='lat' dir='ltr'><strong>De·</strong></span> 
     </span>
     <span class='ocr_line' id='line_1_51' title="bbox 208 5417 2245 5528; baseline -0.004 -28"><span class='ocrx_word' id='word_1_657' title='bbox 208 5445 312 5507; x_wconf 85' lang='lat' dir='ltr'><strong>munt</strong></span> <span class='ocrx_word' id='word_1_658' title='bbox 326 5451 354 5502; x_wconf 77' lang='lat' dir='ltr'><strong>,a</strong></span> <span class='ocrx_word' id='word_1_659' title='bbox 379 5425 525 5498; x_wconf 89' lang='lat' dir='ltr'><strong>materia</strong></span> <span class='ocrx_word' id='word_1_660' title='bbox 548 5449 610 5496; x_wconf 89' lang='lat' dir='ltr'><strong>seu</strong></span> <span class='ocrx_word' id='word_1_661' title='bbox 634 5423 828 5508; x_wconf 88' lang='lat' dir='ltr'><strong>asemine,</strong></span> <span class='ocrx_word' id='word_1_662' title='bbox 852 5437 971 5528; x_wconf 75' lang='lat' dir='ltr'><strong>tamen</strong></span> <span class='ocrx_word' id='word_1_663' title='bbox 985 5437 1121 5496; x_wconf 84' lang='lat' dir='ltr'><strong>certum</strong></span> <span class='ocrx_word' id='word_1_664' title='bbox 1138 5437 1199 5511; x_wconf 88' lang='lat' dir='ltr'><strong>est,</strong></span> <span class='ocrx_word' id='word_1_665' title='bbox 1246 5417 1316 5492; x_wconf 85' lang='lat' dir='ltr'><strong>duc</strong></span> <span class='ocrx_word' id='word_1_666' title='bbox 1336 5447 1407 5506; x_wconf 81' lang='lat' dir='ltr'><strong>me,</strong></span> <span class='ocrx_word' id='word_1_667' title='bbox 1435 5417 1598 5512; x_wconf 81' lang='lat' dir='ltr'><strong>domine,</strong></span> <span class='ocrx_word' id='word_1_668' title='bbox 1623 5422 1664 5494; x_wconf 82' lang='lat' dir='ltr'><strong>r&#39;rr</strong></span> <span class='ocrx_word' id='word_1_669' title='bbox 1687 5425 1748 5498; x_wconf 77' lang='lat' dir='ltr'><strong>via</strong></span> <span class='ocrx_word' id='word_1_670' title='bbox 1771 5434 1850 5502; x_wconf 82' lang='lat' dir='ltr'><strong>tua.</strong></span> <span class='ocrx_word' id='word_1_671' title='bbox 1904 5421 2041 5519; x_wconf 85' lang='lat' dir='ltr'><strong>Estque</strong></span> <span class='ocrx_word' id='word_1_672' title='bbox 2063 5418 2245 5512; x_wconf 86' lang='lat' dir='ltr'><strong>sapientia</strong></span> 
     </span>
    </p>
   </div>
   <div class='ocr_carea' id='block_1_7' title="bbox 0 0 2376 5808">
    <p class='ocr_par' dir='ltr' id='par_1_13' title="bbox 0 0 2376 5808">
     <span class='ocr_line' id='line_1_52' title="bbox 0 0 2376 5808; baseline 0 0"><span class='ocrx_word' id='word_1_673' title='bbox 0 0 2376 5808; x_wconf 95' lang='lat' dir='ltr'><strong> </strong></span> 
     </span>
    </p>
   </div>
  </div>
 </body>
</html>
