4754 5806
174 259 202 310 x
773 233 1045 314 ANNALES
1076 227 1265 314 VITAE
1288 235 1420 314 MEI.
1474 235 1621 318 1544.

197 352 264 518 lg
314 410 469 484 Lotbarua
495 421 623 504 graviter
647 421 786 484 irascitur
808 417 927 484 Bucero
953 431 1076 504 propter
1101 417 1270 484 doctrinam
1294 421 1333 486 de
1357 441 1577 510 coenosam,
1608 425 1642 484 in
1672 425 1799 506 epistola
1829 425 1867 486 ad
1892 419 2120 508 Landgrarium
2143 425 2225 492 Has-

365 527 426 587 siae
446 527 625 608 expositam.

203 651 262 722 24.
314 657 388 724 Mel.
413 662 558 739 laetatur,
582 657 667 744 quod
691 659 832 720 sibinen
858 658 991 721 eundum
1015 661 1055 722 sit
1080 657 1119 720 ad
1140 670 1322 723 conventum
1346 655 1530 743 Spirensem.

314 792 427 876 Magna
451 797 524 858 solia
547 795 676 875 eclipsis.

315 923 464 1012 Georgius
488 923 619 992 Sabinus
641 939 765 989 vocatur
790 929 823 986 iu
848 926 1048 990 Academiam
1069 924 1353 1012 Regicmontanam.

204 1065 262 1130 25·
313 1060 518 1126 Melanthonis
542 1061 690 1124 iudicium
715 1060 919 1130 desenteutia
943 1057 1128 1146 Neogeorgii
1150 1064 1188 1127 da
1211 1067 1340 1147 peccatis
1365 1066 1539 1127 electorum.

250 1188 276 1227 Γ·
566 1217 576 1234 .

188 1161 264 1335 Feb,
314 1256 388 1322 Mel.
415 1262 550 1343 queritur
575 1259 613 1320 de
637 1262 712 1322 rixis
733 1255 863 1366 Irutheri
888 1281 958 1321 cum
975 1257 1201 1326 Iurisconsultis
1222 1259 1395 1344 Witeberg.
1422 1293 1471 1312 -
1521 1259 1698 1330 Editionem
1722 1271 1862 1331 locorum
1882 1267 1978 1334 theol.
2002 1279 2031 1328 et
2058 1269 2226 1330 dialectices

364 1383 468 1426 rursus
490 1363 627 1426 adornat.

93 1494 96 1503 ’
163 1510 167 1517 ’
207 1501 264 1570 11.
316 1492 471 1580 Grucigeri
493 1499 624 1560 narratio
650 1495 688 1557 de
713 1498 871 1558 acerbitate
895 1491 1028 1560 Lutheri
1051 1501 1086 1558 in
1103 1493 1349 1563 Iurisconsultus.

207 1641 261 1708 15.
301 1615 389 1695 Mel.
416 1645 530 1694 enarrat
551 1634 621 1694 libr.
638 1627 688 1695 'V.
715 1625 896 1692 Ethicorum
917 1627 1102 1696 Aristotelia.

204 1777 262 1840 18.
314 1763 444 1830 Ioannes
469 1764 655 1844 Iridericus,
681 1761 757 1826 Dux
780 1760 854 1830 Sex.
879 1761 1022 1846 Elector,
1044 1770 1136 1830 intrat
1161 1761 1292 1849 Spiram.

203 1911 262 1973 21.
316 1897 408 1962 Initia
433 1897 635 1964 comitiorum
659 1896 857 1982 Spirensium.

315 2031 388 2097 Mel.
413 2039 549 2120 queritur
570 2035 608 2097 de
633 2035 768 2096 moribus
793 2029 917 2112 Sabioi,
942 2035 1045 2115 generi
1069 2035 1126 2096 sui.
1174 2104 1177 2126 ι

135 2123 138 2130 “
189 2107 278 2174 Mart.

228 2219 261 2283 ¹·
315 2236 389 2303 ittet.
415 2229 543 2321 graviter
568 2243 703 2324 queritur
729 2237 767 2298 de
791 2238 926 2299 moribus
951 2231 1077 2315 Sabini,
1102 2225 1156 2322 qui
1182 2239 1322 2299 ancillam
1348 2243 1455 2302 uxoria
1480 2257 1551 2302 suae
1575 2235 1733 2319 gravidam
1755 2238 1874 2300 iecerat.
1988 2235 1993 2242 ’

313 2371 422 2436 Alesia
447 2375 550 2436 scribit
574 2375 805 2456 propositiones.

205 2493 261 2557 13·
314 2507 468 2571 Praefatur
490 2512 523 2569 in
545 2509 657 2570 librum
682 2505 837 2570 Ciceronis
862 2505 900 2566 de
925 2517 1086 2568 senectute.

200 2626 260 2690 2⁰·
313 2639 435 2705 Laudat
455 2638 611 2720 bisuntii,
633 2637 730 2703 Ducis
754 2637 847 2720 Sex„
870 2639 1005 2702 sardium
1028 2643 1063 2702 in
1090 2635 1314 2723 Imperatorem.

314 2775 485 2839 camerario
510 2778 631 2857 scribit,
657 2775 732 2860 quid
756 2778 846 2838 amici
871 2774 1070 2839 iudicaverint
1095 2775 1132 2836 ds
1158 2775 1292 2838 editione
1317 2779 1457 2837 locorum
1481 2775 1577 2838 theol.
1601 2779 1673 2838 anni
1703 2777 1810 2845 1686.

203 2897 262 2966 25·
312 2908 419 2974 Narrat
443 2909 601 2973 historiam
625 2913 821 2973 comitiorum
844 2907 1033 2994 Spirensium
1058 2922 1088 2972 et
1113 2922 1279 2972 conventus
1302 2905 1533 2992 Theologcrum
1556 2905 1680 2994 Lipsiae
1706 2911 1812 2972 habiti.

312 3039 469 3127 Incipiunt
493 3039 650 3144 Epistulae
674 3044 712 3106 ad
737 3041 899 3108 Attanum
923 3042 1192 3121 Hordsnbcrgium.

173 3164 274 3251 April.

225 3276 258 3340 8·
312 3271 456 3352 Munera,
482 3273 561 3335 facta
586 3295 626 3336 ex
645 3277 755 3336 electro
777 3277 872 3356 figura
897 3275 1088 3338 cochlearum
1106 3277 1258 3357 ascipiunt
1283 3273 1375 3353 Mel„
1402 3270 1584 3335 I‘cmeranus
1608 3287 1637 3336 et
1650 3270 1805 3336 Lutherus
1822 3277 1859 3336 ab
1874 3269 2002 3338 Albarto
2018 3269 2105 3335 Duce
2120 3271 2221 3337 I’russ.

225 3384 274 3475 9·(
311 3407 568 3488 WalIenrodum‚
598 3409 734 3469 nobilem
758 3407 923 3489 Francum,
952 3425 1056 3492 rogat,
1089 3421 1124 3472 ut
1148 3409 1198 3472 det
1223 3406 1413 3488 Camerario,
1449 3412 1504 3472 iter
1526 3411 1558 3468 in
1583 3406 1739 3470 Franciam
1770 3410 1908 3488 tactura,
1943 3413 2058 3494 equites
2083 3411 2220 3486 comites,

362 3516 434 3596 quia
451 3515 481 3573 ei
502 3513 612 3572 metuit
639 3513 676 3572 ab
695 3508 867 3594 Episcopis.

201 3647 257 3712 ts.
310 3642 422 3709 Scribit
437 3641 619 3708 Academiae
633 3640 722 3728 Lips.
739 3646 776 3707 de
790 3647 1008 3730 compescendo
1024 3641 1179 3724 Gilbertc‚
1200 3649 1254 3730 qui
1273 3644 1415 3714 docebat:
1437 3644 1571 3708 divinam
1588 3657 1724 3752 naturam
1747 3649 1779 3706 in
1801 3645 1922 3710 Christo
1944 3665 2061 3726 passam
2082 3668 2153 3707 esse.

311 3775 458 3861 Georgius
479 3776 626 3860 Sabinus,
662 3801 752 3861 gener
767 3776 862 3859 Met,
891 3781 1058 3844 conductus
1077 3782 1114 3840 ab
1132 3777 1281 3859 Alberto,
1305 3775 1392 3841 Duce
1415 3777 1572 3856 Prussiae,
1597 3783 1795 3861 proficiscitur
1818 3776 1957 3860 Spiram,
1985 3792 2018 3840 ut
2043 3783 2216 3842 mIssionem

359 3895 442 3965 petat
466 3903 485 3944 a
507 3881 694 3946 Marchionc.

308 4011 433 4099 Lipsiae
459 4015 557 4078 editur
582 4038 599 4078 a
621 4013 791 4078 Camerario
819 4019 914 4078 oratio
938 4014 1089 4099 Ziegleri‚
1115 4037 1133 4076 a
1157 4013 1353 4078 Melantbcne
1376 4020 1494 4096 scripta.

132 4194 135 4204 ›
201 4160 258 4222 21.
308 4146 463 4212 Lutherus
487 4151 526 4212 ad
551 4148 727 4232 Eperienses
752 4120 873 4212 scribit:
929 4195 948 4227 „
958 4146 1006 4210 De
1032 4147 1076 4211 Μ.
1099 4145 1244 4231 Philippo
1271 4145 1386 4229 (Met.)
1396 4147 1474 4209 mihi
1500 4152 1584 4210 nulla
1609 4161 1654 4210 est
1681 4151 1804 4210 omniuo
1831 4151 1960 4229 suspicio
1987 4149 2098 4228 (ridel.
2126 4153 2216 4212 illum

360 4253 514 4315 deflectere
537 4275 554 4314 a
579 4249 710 4315 Lutheri
733 4255 879 4314 sententia
903 4250 941 4311 de
960 4271 1053 4313 coena
1079 4251 1194 4332 sacra),
1219 4272 1318 4335 nequa
1340 4251 1378 4311 de
1397 4254 1461 4312 ullo
1489 4243 1661 4314 nostrum.''

198 4395 258 4456 22.
308 4383 459 4450 Medlerus
479 4399 603 4452 vocatur
627 4383 838 4467 Brrmsvigem.

92 4599 95 4605 ¹
196 4527 255 4590 80.
309 4517 474 4604 Georgius,
498 4517 642 4603 Princeps
667 4517 874 4599 Anhetttnur,
899 4521 1021 4602 eligitur
1045 4515 1216 4602 Episcopus
1238 4515 1500 4599 merseburgensis.

187 4652 263 4824 Mdu
305 4745 385 4811 Loci
410 4749 576 4832 theologici
600 4750 729 4812 eduntur
753 4751 907 4811 uberiores
931 4761 961 4810 et
985 4747 1151 4812 nitidiores.

220 4898 252 4966 6.
305 4883 384 4950 Cum
410 4881 486 4948 Iona
508 4887 706 4968 proficiscitur
730 4883 850 4948 Halam.

218 5033 252 5094 7.
305 5018 401 5083 Mittit
424 5018 586 5102 Crucigerc
608 5041 785 5102 responsum
810 5024 843 5082 in
868 5021 975 5081 itinere
998 5021 1165 5101 scriptum,
1187 5017 1225 5079 ad
1249 5013 1352 5080 Duces
1377 5015 1570 5080 Pomeraniae
1596 5015 1635 5076 de
1661 5017 1808 5076 electione
1828 5011 1983 5094 Episcopi.

219 5167 252 5230 8.
304 5153 399 5217 Venit
422 5153 626 5232 Wimariam‚
664 5155 770 5216 ductus
800 5157 909 5218 aviae
933 5166 1150 5232 monstratore,
1185 5173 1278 5237 quem
1309 5157 1338 5214 ei
1370 5153 1489 5215 dederat
1521 5147 1650 5220 Senatus
1674 5143 1942 5228 Naumburgensis.
1976 5179 2027 5192 -
2078 5147 2215 5212 Habebat

351 5262 509 5340 negotium
533 5261 658 5320 tutelare
683 5261 716 5319 in
739 5279 827 5320 causa
852 5259 1016 5320 liberorum
1042 5254 1205 5321 christiani
1229 5253 1347 5358 Baieri..

193 5403 248 5468 18.
297 5387 402 5456 Rediit
426 5389 646 5479 Witebargam.
