<?xml version="1.0" encoding="UTF-8"?>
<!DOCTYPE html PUBLIC "-//W3C//DTD XHTML 1.0 Transitional//EN"
    "http://www.w3.org/TR/xhtml1/DTD/xhtml1-transitional.dtd">
<html xmlns="http://www.w3.org/1999/xhtml" xml:lang="en" lang="en">
 <head>
  <title>
</title>
<meta http-equiv="Content-Type" content="text/html;charset=utf-8" />
  <meta name='ocr-system' content='tesseract 3.04.00' />
  <meta name='ocr-capabilities' content='ocr_page ocr_carea ocr_par ocr_line ocrx_word'/>
</head>
<body>
  <div class='ocr_page' id='page_1' title='image "./corpusreformato19melagoog/corpusreformato19melagoog_0054.png"; bbox 0 0 4754 5806; ppageno 0'>
   <div class='ocr_carea' id='block_1_1' title="bbox 95 165 2145 322">
    <p class='ocr_par' dir='ltr' id='par_1_1' title="bbox 95 165 2145 322">
     <span class='ocr_line' id='line_1_1' title="bbox 95 165 2145 322; baseline -0.003 -28"><span class='ocrx_word' id='word_1_1' title='bbox 95 215 145 294; x_wconf 86' lang='lat' dir='ltr'><strong>ss</strong></span> <span class='ocrx_word' id='word_1_2' title='bbox 624 310 632 322; x_wconf 66' lang='lat'><em>„</em></span> <span class='ocrx_word' id='word_1_3' title='bbox 682 205 1118 288; x_wconf 76' lang='lat' dir='ltr'><strong>nrtsronanoss</strong></span> <span class='ocrx_word' id='word_1_4' title='bbox 1171 209 1281 288; x_wconf 76' lang='lat' dir='ltr'><strong>nin.</strong></span> <span class='ocrx_word' id='word_1_5' title='bbox 1316 211 1381 292; x_wconf 79' lang='lat' dir='ltr'><strong>rx.</strong></span> <span class='ocrx_word' id='word_1_6' title='bbox 1434 209 1568 290; x_wconf 76' lang='lat' dir='ltr'><strong>sess.</strong></span> <span class='ocrx_word' id='word_1_7' title='bbox 1661 165 1666 170; x_wconf 71' lang='grc'><strong>’</strong></span> <span class='ocrx_word' id='word_1_8' title='bbox 2081 225 2145 303; x_wconf 59' lang='lat' dir='ltr'><strong>aa</strong></span> 
     </span>
    </p>
   </div>
   <div class='ocr_carea' id='block_1_2' title="bbox 68 380 2178 3118">
    <p class='ocr_par' dir='ltr' id='par_1_2' title="bbox 95 380 2178 682">
     <span class='ocr_line' id='line_1_2' title="bbox 96 380 2129 482; baseline -0.002 -22"><span class='ocrx_word' id='word_1_9' title='bbox 96 385 429 480; x_wconf 80' lang='lat' dir='ltr'><strong>essentpateiaette,</strong></span> <span class='ocrx_word' id='word_1_10' title='bbox 445 383 647 482; x_wconf 83' lang='lat' dir='ltr'><strong>quaeprins</strong></span> <span class='ocrx_word' id='word_1_11' title='bbox 660 383 1091 478; x_wconf 70' lang='lat' dir='ltr'><strong>nonlnerantpatefactae,</strong></span> <span class='ocrx_word' id='word_1_12' title='bbox 1139 380 1206 459; x_wconf 86' lang='lat' dir='ltr'><strong>No.</strong></span> <span class='ocrx_word' id='word_1_13' title='bbox 1218 383 1335 460; x_wconf 78' lang='lat'><strong>2661.</strong></span> <span class='ocrx_word' id='word_1_14' title='bbox 1384 453 1389 460; x_wconf 89' lang='grc'>,</span> <span class='ocrx_word' id='word_1_15' title='bbox 1964 405 2022 472; x_wconf 80' lang='lat'><strong>19,</strong></span> <span class='ocrx_word' id='word_1_16' title='bbox 2039 397 2129 468; x_wconf 62' lang='lat' dir='ltr'><strong>mm,</strong></span> 
     </span>
     <span class='ocr_line' id='line_1_3' title="bbox 95 479 2178 586; baseline -0.004 -26"><span class='ocrx_word' id='word_1_17' title='bbox 95 491 298 586; x_wconf 85' lang='lat' dir='ltr'><strong>symbolum</strong></span> <span class='ocrx_word' id='word_1_18' title='bbox 322 489 481 574; x_wconf 84' lang='lat' dir='ltr'><strong>accessit,</strong></span> <span class='ocrx_word' id='word_1_19' title='bbox 511 489 607 582; x_wconf 90' lang='lat' dir='ltr'><strong>quod</strong></span> <span class='ocrx_word' id='word_1_20' title='bbox 631 489 792 560; x_wconf 84' lang='lat' dir='ltr'><strong>comitari</strong></span> <span class='ocrx_word' id='word_1_21' title='bbox 814 486 1013 560; x_wconf 76' lang='lat' dir='ltr'><strong>doctrinam</strong></span> <span class='ocrx_word' id='word_1_22' title='bbox 1029 486 1093 554; x_wconf 67' lang='lat' dir='ltr'><strong>de-¹</strong></span> <span class='ocrx_word' id='word_1_23' title='bbox 1147 479 1318 512; x_wconf 52' lang='grc' dir='ltr'>Μ</span> <span class='ocrx_word' id='word_1_24' title='bbox 1730 561 1737 580; x_wconf 46' lang='lat'><strong>·</strong></span> <span class='ocrx_word' id='word_1_25' title='bbox 1847 567 1853 578; x_wconf 13' lang='grc' dir='ltr'>ξ</span> <span class='ocrx_word' id='word_1_26' title='bbox 1960 489 2131 522; x_wconf 68' lang='lat'><strong>“⁰⁴⁸&#39;‘</strong></span> <span class='ocrx_word' id='word_1_27' title='bbox 2170 525 2178 534; x_wconf 91' lang='lat'>-</span> 
     </span>
     <span class='ocr_line' id='line_1_4' title="bbox 96 549 1805 682; baseline -0.005 -20"><span class='ocrx_word' id='word_1_28' title='bbox 96 594 168 664; x_wconf 89' lang='lat' dir='ltr'><strong>bet.</strong></span> <span class='ocrx_word' id='word_1_29' title='bbox 219 589 292 662; x_wconf 88' lang='lat' dir='ltr'><strong>Nec</strong></span> <span class='ocrx_word' id='word_1_30' title='bbox 316 591 506 662; x_wconf 84' lang='lat' dir='ltr'><strong>damnatur</strong></span> <span class='ocrx_word' id='word_1_31' title='bbox 531 591 631 682; x_wconf 89' lang='lat' dir='ltr'><strong>prior</strong></span> <span class='ocrx_word' id='word_1_32' title='bbox 645 589 859 682; x_wconf 88' lang='lat' dir='ltr'><strong>baptismus,</strong></span> <span class='ocrx_word' id='word_1_33' title='bbox 886 601 928 658; x_wconf 92' lang='lat' dir='ltr'><strong>nt</strong></span> <span class='ocrx_word' id='word_1_34' title='bbox 944 582 1090 656; x_wconf 86' lang='lat' dir='ltr'><strong>Anaba-</strong></span> <span class='ocrx_word' id='word_1_35' title='bbox 1119 670 1123 682; x_wconf 24' lang='grc' dir='ltr'>ι</span> <span class='ocrx_word' id='word_1_36' title='bbox 1459 549 1533 642; x_wconf 64' lang='lat' dir='ltr'><strong>Ge·</strong></span> <span class='ocrx_word' id='word_1_37' title='bbox 1557 549 1805 666; x_wconf 68' lang='lat' dir='ltr'><strong>Spalatmss·</strong></span> 
     </span>
    </p>

    <p class='ocr_par' dir='ltr' id='par_1_3' title="bbox 95 688 2150 884">
     <span class='ocr_line' id='line_1_5' title="bbox 95 688 2150 818; baseline -0.004 -54"><span class='ocrx_word' id='word_1_38' title='bbox 95 693 224 784; x_wconf 85' lang='lat' dir='ltr'><strong>ptistae</strong></span> <span class='ocrx_word' id='word_1_39' title='bbox 245 715 342 764; x_wconf 89' lang='lat' dir='ltr'><strong>nunc</strong></span> <span class='ocrx_word' id='word_1_40' title='bbox 361 693 533 762; x_wconf 82' lang='lat' dir='ltr'><strong>damnant</strong></span> <span class='ocrx_word' id='word_1_41' title='bbox 559 690 744 762; x_wconf 80' lang='lat' dir='ltr'><strong>infantum·</strong></span> <span class='ocrx_word' id='word_1_42' title='bbox 756 689 990 806; x_wconf 80' lang='lat' dir='ltr'><strong>baptismum,</strong></span> <span class='ocrx_word' id='word_1_43' title='bbox 1028 688 1089 758; x_wconf 89' lang='lat' dir='ltr'><strong>sed</strong></span> <span class='ocrx_word' id='word_1_44' title='bbox 1130 701 1133 716; x_wconf 80' lang='lat'><strong>¹</strong></span> <span class='ocrx_word' id='word_1_45' title='bbox 1208 729 1351 806; x_wconf 64' lang='lat' dir='ltr'><strong>euxapo</strong></span> <span class='ocrx_word' id='word_1_46' title='bbox 1384 733 2150 818; x_wconf 56' lang='lat' dir='ltr'><strong>‚mesaoreta.utto‚p,sos‚.9,50,.1„„39„&#39;</strong></span> 
     </span>
     <span class='ocr_line' id='line_1_6' title="bbox 96 787 1577 884; baseline -0.004 -20"><span class='ocrx_word' id='word_1_47' title='bbox 96 794 327 866; x_wconf 85' lang='lat' dir='ltr'><strong>confirmatur</strong></span> <span class='ocrx_word' id='word_1_48' title='bbox 344 794 532 864; x_wconf 88' lang='lat' dir='ltr'><strong>emendato</strong></span> <span class='ocrx_word' id='word_1_49' title='bbox 545 787 726 884; x_wconf 78' lang='lat' dir='ltr'><strong>²)-errore.</strong></span> <span class='ocrx_word' id='word_1_50' title='bbox 784 789 889 861; x_wconf 87' lang='lat' dir='ltr'><strong>Nunc</strong></span> <span class='ocrx_word' id='word_1_51' title='bbox 917 811 1014 860; x_wconf 87' lang='lat' dir='ltr'><strong>emm</strong></span> <span class='ocrx_word' id='word_1_52' title='bbox 1037 803 1090 860; x_wconf 91' lang='lat' dir='ltr'><strong>te·</strong></span> <span class='ocrx_word' id='word_1_53' title='bbox 1148 809 1152 816; x_wconf 80' lang='grc'><em>“</em></span> <span class='ocrx_word' id='word_1_54' title='bbox 1243 801 1336 858; x_wconf 71' lang='lat' dir='ltr'><strong>muts</strong></span> <span class='ocrx_word' id='word_1_55' title='bbox 1374 800 1577 858; x_wconf 67' lang='lat' dir='ltr'><strong>conmotus.</strong></span> 
     </span>
    </p>

    <p class='ocr_par' dir='ltr' id='par_1_4' title="bbox 97 889 1811 987">
     <span class='ocr_line' id='line_1_7' title="bbox 97 889 1811 987; baseline -0.006 -21"><span class='ocrx_word' id='word_1_56' title='bbox 97 909 239 966; x_wconf 87' lang='lat' dir='ltr'><strong>stantur</strong></span> <span class='ocrx_word' id='word_1_57' title='bbox 259 889 443 987; x_wconf 74' lang='lat' dir='ltr'><strong>Apostoli,</strong></span> <span class='ocrx_word' id='word_1_58' title='bbox 476 907 571 966; x_wconf 87' lang='lat' dir='ltr'><strong>recte</strong></span> <span class='ocrx_word' id='word_1_59' title='bbox 593 893 722 964; x_wconf 84' lang='lat' dir='ltr'><strong>iactum</strong></span> <span class='ocrx_word' id='word_1_60' title='bbox 747 913 839 978; x_wconf 88' lang='lat' dir='ltr'><strong>esse,</strong></span> <span class='ocrx_word' id='word_1_61' title='bbox 871 892 968 984; x_wconf 91' lang='lat' dir='ltr'><strong>quod</strong></span> <span class='ocrx_word' id='word_1_62' title='bbox 992 889 1090 960; x_wconf 85' lang='lat' dir='ltr'><strong>istia</strong></span> <span class='ocrx_word' id='word_1_63' title='bbox 1553 959 1560 975; x_wconf 68' lang='grc'>,</span> <span class='ocrx_word' id='word_1_64' title='bbox 1636 915 1646 927; x_wconf 90' lang='grc'>·</span> <span class='ocrx_word' id='word_1_65' title='bbox 1803 959 1811 979; x_wconf 58' lang='grc'><em>,</em></span> 
     </span>
    </p>

    <p class='ocr_par' dir='ltr' id='par_1_5' title="bbox 98 943 1884 1088">
     <span class='ocr_line' id='line_1_8' title="bbox 98 943 1884 1088; baseline -0.004 -22"><span class='ocrx_word' id='word_1_66' title='bbox 98 991 259 1068; x_wconf 85' lang='lat' dir='ltr'><strong>iohanne</strong></span> <span class='ocrx_word' id='word_1_67' title='bbox 274 994 441 1088; x_wconf 79' lang='lat' dir='ltr'><strong>baptisati</strong></span> <span class='ocrx_word' id='word_1_68' title='bbox 454 1009 556 1080; x_wconf 91' lang='lat' dir='ltr'><strong>sunt,</strong></span> <span class='ocrx_word' id='word_1_69' title='bbox 580 1009 615 1066; x_wconf 93' lang='lat' dir='ltr'><strong>et</strong></span> <span class='ocrx_word' id='word_1_70' title='bbox 631 995 728 1088; x_wconf 83' lang='lat' dir='ltr'><strong>quod</strong></span> <span class='ocrx_word' id='word_1_71' title='bbox 743 993 776 1064; x_wconf 88' lang='lat' dir='ltr'><strong>ei</strong></span> <span class='ocrx_word' id='word_1_72' title='bbox 789 992 1032 1078; x_wconf 89' lang='lat' dir='ltr'><strong>crediderunt,</strong></span> <span class='ocrx_word' id='word_1_73' title='bbox 1056 1002 1091 1063; x_wconf 83' lang='lat' dir='ltr'><strong>et</strong></span> <span class='ocrx_word' id='word_1_74' title='bbox 1387 943 1449 1032; x_wconf 61' lang='lat' dir='ltr'><strong>Gi</strong></span> <span class='ocrx_word' id='word_1_75' title='bbox 1457 983 1590 1056; x_wconf 68' lang='lat'><em>⁰⁷8¹⁰</em></span> <span class='ocrx_word' id='word_1_76' title='bbox 1612 956 1674 1059; x_wconf 78' lang='lat' dir='ltr'><strong>SP</strong></span> <span class='ocrx_word' id='word_1_77' title='bbox 1681 983 1705 1031; x_wconf 64' lang='grc' dir='ltr'><strong><em>α</em></strong></span> <span class='ocrx_word' id='word_1_78' title='bbox 1716 957 1764 1032; x_wconf 65' lang='lat'><strong>1⁰</strong></span> <span class='ocrx_word' id='word_1_79' title='bbox 1772 968 1842 1034; x_wconf 65' lang='lat' dir='ltr'><strong>&#39;m</strong></span> <span class='ocrx_word' id='word_1_80' title='bbox 1852 987 1884 1034; x_wconf 90' lang='lat'><strong>⁰·</strong></span> 
     </span>
    </p>

    <p class='ocr_par' dir='ltr' id='par_1_6' title="bbox 68 1068 2133 3118">
     <span class='ocr_line' id='line_1_9' title="bbox 96 1068 2130 1194; baseline 0.002 -28"><span class='ocrx_word' id='word_1_81' title='bbox 96 1097 312 1190; x_wconf 79' lang='lat' dir='ltr'>praedictam</span> <span class='ocrx_word' id='word_1_82' title='bbox 333 1121 352 1166; x_wconf 92' lang='lat' dir='ltr'><strong>a</strong></span> <span class='ocrx_word' id='word_1_83' title='bbox 371 1091 532 1166; x_wconf 89' lang='lat' dir='ltr'><strong>iohanne</strong></span> <span class='ocrx_word' id='word_1_84' title='bbox 553 1096 721 1180; x_wconf 86' lang='lat' dir='ltr'><strong>salutem,</strong></span> <span class='ocrx_word' id='word_1_85' title='bbox 746 1107 920 1166; x_wconf 70' lang='lat' dir='ltr'><strong>testantur</strong></span> <span class='ocrx_word' id='word_1_86' title='bbox 939 1094 1009 1162; x_wconf 90' lang='lat' dir='ltr'><strong>iam</strong></span> <span class='ocrx_word' id='word_1_87' title='bbox 1030 1115 1090 1162; x_wconf 85' lang='lat' dir='ltr'><strong>ex-</strong></span> <span class='ocrx_word' id='word_1_88' title='bbox 1139 1068 1183 1160; x_wconf 76' lang='lat' dir='ltr'><strong>S.</strong></span> <span class='ocrx_word' id='word_1_89' title='bbox 1211 1089 1256 1166; x_wconf 89' lang='lat' dir='ltr'><strong>D.</strong></span> <span class='ocrx_word' id='word_1_90' title='bbox 1305 1089 1415 1163; x_wconf 82' lang='lat' dir='ltr'><strong>Mitto</strong></span> <span class='ocrx_word' id='word_1_91' title='bbox 1436 1091 1502 1162; x_wconf 90' lang='lat' dir='ltr'><strong>tibi</strong></span> <span class='ocrx_word' id='word_1_92' title='bbox 1528 1095 1616 1164; x_wconf 85' lang='lat' dir='ltr'><strong>duas</strong></span> <span class='ocrx_word' id='word_1_93' title='bbox 1636 1089 1950 1193; x_wconf 74' lang='lat' dir='ltr'><strong>conciunculas‘),</strong></span> <span class='ocrx_word' id='word_1_94' title='bbox 1978 1121 2130 1194; x_wconf 87' lang='lat' dir='ltr'><strong>quarum</strong></span> 
     </span>
     <span class='ocr_line' id='line_1_10' title="bbox 97 1191 2129 1292; baseline 0.002 -24"><span class='ocrx_word' id='word_1_95' title='bbox 97 1197 249 1268; x_wconf 77' lang='lat' dir='ltr'><strong>bibitam</strong></span> <span class='ocrx_word' id='word_1_96' title='bbox 269 1219 353 1268; x_wconf 86' lang='lat' dir='ltr'><strong>esse.</strong></span> <span class='ocrx_word' id='word_1_97' title='bbox 402 1195 474 1268; x_wconf 85' lang='lat' dir='ltr'><strong>Sed</strong></span> <span class='ocrx_word' id='word_1_98' title='bbox 494 1195 525 1266; x_wconf 92' lang='lat' dir='ltr'><strong>si</strong></span> <span class='ocrx_word' id='word_1_99' title='bbox 548 1195 607 1267; x_wconf 90' lang='lat' dir='ltr'><strong>isti</strong></span> <span class='ocrx_word' id='word_1_100' title='bbox 628 1219 724 1268; x_wconf 91' lang='lat' dir='ltr'><strong>nunc</strong></span> <span class='ocrx_word' id='word_1_101' title='bbox 742 1207 927 1266; x_wconf 86' lang='lat' dir='ltr'><strong>manerent</strong></span> <span class='ocrx_word' id='word_1_102' title='bbox 952 1193 991 1262; x_wconf 92' lang='lat' dir='ltr'><strong>in</strong></span> <span class='ocrx_word' id='word_1_103' title='bbox 1015 1191 1090 1285; x_wconf 90' lang='lat' dir='ltr'><strong>pri·</strong></span> <span class='ocrx_word' id='word_1_104' title='bbox 1139 1193 1327 1263; x_wconf 88' lang='lat' dir='ltr'><strong>lectionem</strong></span> <span class='ocrx_word' id='word_1_105' title='bbox 1343 1194 1411 1265; x_wconf 90' lang='lat' dir='ltr'><strong>tibi</strong></span> <span class='ocrx_word' id='word_1_106' title='bbox 1426 1218 1500 1265; x_wconf 92' lang='lat' dir='ltr'><strong>non</strong></span> <span class='ocrx_word' id='word_1_107' title='bbox 1514 1195 1697 1266; x_wconf 79' lang='lat' dir='ltr'><strong>insuavem</strong></span> <span class='ocrx_word' id='word_1_108' title='bbox 1710 1196 1787 1266; x_wconf 84' lang='lat' dir='ltr'><strong>iore</strong></span> <span class='ocrx_word' id='word_1_109' title='bbox 1801 1219 1915 1290; x_wconf 85' lang='lat' dir='ltr'><strong>spero.</strong></span> <span class='ocrx_word' id='word_1_110' title='bbox 1963 1193 2041 1292; x_wconf 76' lang='lat' dir='ltr'><strong>Ego</strong></span> <span class='ocrx_word' id='word_1_111' title='bbox 2063 1205 2129 1274; x_wconf 87' lang='lat' dir='ltr'><strong>etsi</strong></span> 
     </span>
     <span class='ocr_line' id='line_1_11' title="bbox 98 1291 2131 1390; baseline 0.004 -22"><span class='ocrx_word' id='word_1_112' title='bbox 98 1301 191 1369; x_wconf 86' lang='lat' dir='ltr'><strong>stina</strong></span> <span class='ocrx_word' id='word_1_113' title='bbox 206 1299 396 1390; x_wconf 92' lang='lat' dir='ltr'><strong>opinione,</strong></span> <span class='ocrx_word' id='word_1_114' title='bbox 421 1293 537 1368; x_wconf 90' lang='lat' dir='ltr'><strong>adhuc</strong></span> <span class='ocrx_word' id='word_1_115' title='bbox 554 1299 808 1390; x_wconf 80' lang='lat' dir='ltr'><strong>expectandum</strong></span> <span class='ocrx_word' id='word_1_116' title='bbox 822 1318 896 1366; x_wconf 86' lang='lat' dir='ltr'><strong>esse</strong></span> <span class='ocrx_word' id='word_1_117' title='bbox 910 1293 1090 1376; x_wconf 74' lang='lat' dir='ltr'><strong>Messinm,</strong></span> <span class='ocrx_word' id='word_1_118' title='bbox 1139 1293 1243 1365; x_wconf 85' lang='lat' dir='ltr'><strong>video</strong></span> <span class='ocrx_word' id='word_1_119' title='bbox 1259 1295 1464 1386; x_wconf 89' lang='lat' dir='ltr'><strong>impendere</strong></span> <span class='ocrx_word' id='word_1_120' title='bbox 1484 1319 1628 1388; x_wconf 77' lang='lat' dir='ltr'><strong>magnas</strong></span> <span class='ocrx_word' id='word_1_121' title='bbox 1648 1321 1769 1369; x_wconf 88' lang='lat' dir='ltr'><strong>rerum</strong></span> <span class='ocrx_word' id='word_1_122' title='bbox 1792 1291 2028 1372; x_wconf 82' lang='lat' dir='ltr'><strong>humanarum</strong></span> <span class='ocrx_word' id='word_1_123' title='bbox 2049 1328 2131 1376; x_wconf 87' lang='lat' dir='ltr'><strong>mu-</strong></span> 
     </span>
     <span class='ocr_line' id='line_1_12' title="bbox 97 1393 2131 1492; baseline 0.003 -21"><span class='ocrx_word' id='word_1_124' title='bbox 97 1401 301 1492; x_wconf 87' lang='lat' dir='ltr'><strong>polluerent</strong></span> <span class='ocrx_word' id='word_1_125' title='bbox 312 1397 527 1490; x_wconf 87' lang='lat' dir='ltr'><strong>baptismum</strong></span> <span class='ocrx_word' id='word_1_126' title='bbox 541 1399 697 1491; x_wconf 82' lang='lat' dir='ltr'><strong>priorem</strong></span> <span class='ocrx_word' id='word_1_127' title='bbox 718 1393 826 1470; x_wconf 88' lang='lat' dir='ltr'><strong>huius</strong></span> <span class='ocrx_word' id='word_1_128' title='bbox 847 1395 977 1468; x_wconf 89' lang='lat' dir='ltr'><strong>erroris</strong></span> <span class='ocrx_word' id='word_1_129' title='bbox 999 1396 1090 1476; x_wconf 87' lang='lat' dir='ltr'><strong>labe,</strong></span> <span class='ocrx_word' id='word_1_130' title='bbox 1139 1395 1308 1482; x_wconf 86' lang='lat' dir='ltr'><strong>tationes,</strong></span> <span class='ocrx_word' id='word_1_131' title='bbox 1347 1410 1467 1467; x_wconf 89' lang='lat' dir='ltr'><strong>tamen</strong></span> <span class='ocrx_word' id='word_1_132' title='bbox 1494 1393 1578 1470; x_wconf 90' lang='lat' dir='ltr'><strong>haec</strong></span> <span class='ocrx_word' id='word_1_133' title='bbox 1602 1398 1720 1470; x_wconf 84' lang='lat' dir='ltr'><strong>studia</strong></span> <span class='ocrx_word' id='word_1_134' title='bbox 1742 1421 1817 1470; x_wconf 90' lang='lat' dir='ltr'><strong>non</strong></span> <span class='ocrx_word' id='word_1_135' title='bbox 1839 1400 2036 1474; x_wconf 84' lang='lat' dir='ltr'><strong>abiicienda</strong></span> <span class='ocrx_word' id='word_1_136' title='bbox 2057 1427 2131 1477; x_wconf 89' lang='lat' dir='ltr'><strong>esse</strong></span> 
     </span>
     <span class='ocr_line' id='line_1_13' title="bbox 99 1495 2132 1596; baseline 0.004 -24"><span class='ocrx_word' id='word_1_137' title='bbox 99 1526 166 1596; x_wconf 86' lang='lat' dir='ltr'><strong>qua</strong></span> <span class='ocrx_word' id='word_1_138' title='bbox 181 1501 289 1572; x_wconf 85' lang='lat' dir='ltr'><strong>etiam</strong></span> <span class='ocrx_word' id='word_1_139' title='bbox 301 1499 502 1572; x_wconf 84' lang='lat' dir='ltr'><strong>amitterent</strong></span> <span class='ocrx_word' id='word_1_140' title='bbox 513 1501 681 1572; x_wconf 88' lang='lat' dir='ltr'><strong>donatam</strong></span> <span class='ocrx_word' id='word_1_141' title='bbox 696 1495 1090 1578; x_wconf 84' lang='lat' dir='ltr'><strong>reconciliationem,si</strong></span> <span class='ocrx_word' id='word_1_142' title='bbox 1140 1520 1277 1571; x_wconf 90' lang='lat' dir='ltr'><strong>censeo.</strong></span> <span class='ocrx_word' id='word_1_143' title='bbox 1326 1495 1498 1570; x_wconf 88' lang='lat' dir='ltr'><strong>Mansura</strong></span> <span class='ocrx_word' id='word_1_144' title='bbox 1511 1513 1562 1570; x_wconf 88' lang='lat' dir='ltr'><strong>est</strong></span> <span class='ocrx_word' id='word_1_145' title='bbox 1583 1500 1680 1570; x_wconf 90' lang='lat' dir='ltr'><strong>enim</strong></span> <span class='ocrx_word' id='word_1_146' title='bbox 1694 1497 1853 1572; x_wconf 87' lang='lat' dir='ltr'><strong>Ecclesia</strong></span> <span class='ocrx_word' id='word_1_147' title='bbox 1864 1499 1953 1589; x_wconf 89' lang='lat' dir='ltr'><strong>Dei,</strong></span> <span class='ocrx_word' id='word_1_148' title='bbox 1977 1499 2043 1576; x_wconf 90' lang='lat' dir='ltr'><strong>bac</strong></span> <span class='ocrx_word' id='word_1_149' title='bbox 2064 1531 2132 1580; x_wconf 87' lang='lat' dir='ltr'><strong>nos</strong></span> 
     </span>
     <span class='ocr_line' id='line_1_14' title="bbox 98 1595 2130 1699; baseline 0.003 -27"><span class='ocrx_word' id='word_1_150' title='bbox 98 1605 238 1674; x_wconf 90' lang='lat' dir='ltr'><strong>nollent</strong></span> <span class='ocrx_word' id='word_1_151' title='bbox 252 1601 415 1673; x_wconf 73' lang='lat' dir='ltr'><strong>assentiri</strong></span> <span class='ocrx_word' id='word_1_152' title='bbox 430 1624 544 1672; x_wconf 85' lang='lat' dir='ltr'><strong>novae</strong></span> <span class='ocrx_word' id='word_1_153' title='bbox 557 1601 812 1693; x_wconf 84' lang='lat' dir='ltr'><strong>praedicationi</strong></span> <span class='ocrx_word' id='word_1_154' title='bbox 825 1597 1091 1690; x_wconf 88' lang='lat' dir='ltr'><strong>Apostolorum.</strong></span> <span class='ocrx_word' id='word_1_155' title='bbox 1141 1621 1220 1694; x_wconf 90' lang='lat' dir='ltr'><strong>spe,</strong></span> <span class='ocrx_word' id='word_1_156' title='bbox 1244 1598 1377 1692; x_wconf 90' lang='lat' dir='ltr'><strong>optime</strong></span> <span class='ocrx_word' id='word_1_157' title='bbox 1393 1613 1428 1671; x_wconf 92' lang='lat' dir='ltr'><strong>et</strong></span> <span class='ocrx_word' id='word_1_158' title='bbox 1451 1601 1568 1676; x_wconf 86' lang='lat' dir='ltr'><strong>cariss.</strong></span> <span class='ocrx_word' id='word_1_159' title='bbox 1584 1597 1630 1676; x_wconf 91' lang='lat' dir='ltr'><strong>D.</strong></span> <span class='ocrx_word' id='word_1_160' title='bbox 1643 1595 1860 1699; x_wconf 74' lang='lat' dir='ltr'><strong>Spoletine,</strong></span> <span class='ocrx_word' id='word_1_161' title='bbox 1884 1616 2130 1686; x_wconf 84' lang='lat' dir='ltr'><strong>sustentemus.</strong></span> 
     </span>
     <span class='ocr_line' id='line_1_15' title="bbox 97 1697 2131 1800; baseline 0.004 -26"><span class='ocrx_word' id='word_1_162' title='bbox 97 1701 193 1795; x_wconf 83' lang='lat' dir='ltr'><strong>Ergo</strong></span> <span class='ocrx_word' id='word_1_163' title='bbox 222 1719 264 1776; x_wconf 90' lang='lat' dir='ltr'><strong>ut</strong></span> <span class='ocrx_word' id='word_1_164' title='bbox 292 1703 494 1793; x_wconf 76' lang='lat' dir='ltr'><strong>intelligant</strong></span> <span class='ocrx_word' id='word_1_165' title='bbox 517 1727 599 1774; x_wconf 87' lang='lat' dir='ltr'><strong>vere</strong></span> <span class='ocrx_word' id='word_1_166' title='bbox 620 1697 812 1800; x_wconf 74' lang='lat' dir='ltr'><strong>exhibitam</strong></span> <span class='ocrx_word' id='word_1_167' title='bbox 836 1723 910 1771; x_wconf 86' lang='lat' dir='ltr'><strong>esse</strong></span> <span class='ocrx_word' id='word_1_168' title='bbox 930 1702 1092 1784; x_wconf 90' lang='lat' dir='ltr'><strong>salutem,</strong></span> <span class='ocrx_word' id='word_1_169' title='bbox 1143 1699 1219 1770; x_wconf 91' lang='lat' dir='ltr'><strong>lmo</strong></span> <span class='ocrx_word' id='word_1_170' title='bbox 1250 1713 1286 1772; x_wconf 93' lang='lat' dir='ltr'><strong>et</strong></span> <span class='ocrx_word' id='word_1_171' title='bbox 1313 1701 1456 1770; x_wconf 87' lang='lat' dir='ltr'><strong>indiciis</strong></span> <span class='ocrx_word' id='word_1_172' title='bbox 1482 1725 1669 1774; x_wconf 88' lang='lat' dir='ltr'><strong>mansurae</strong></span> <span class='ocrx_word' id='word_1_173' title='bbox 1695 1698 1874 1774; x_wconf 76' lang='lat' dir='ltr'><strong>Ecclesiae</strong></span> <span class='ocrx_word' id='word_1_174' title='bbox 1908 1708 2131 1782; x_wconf 84' lang='lat' dir='ltr'><strong>consolemur</strong></span> 
     </span>
     <span class='ocr_line' id='line_1_16' title="bbox 97 1799 2133 1898; baseline 0.002 -22"><span class='ocrx_word' id='word_1_175' title='bbox 97 1805 278 1897; x_wconf 87' lang='lat' dir='ltr'><strong>accipiunt</strong></span> <span class='ocrx_word' id='word_1_176' title='bbox 298 1827 379 1878; x_wconf 89' lang='lat' dir='ltr'><strong>cum</strong></span> <span class='ocrx_word' id='word_1_177' title='bbox 406 1803 602 1896; x_wconf 85' lang='lat' dir='ltr'><strong>baptismo,</strong></span> <span class='ocrx_word' id='word_1_178' title='bbox 640 1804 749 1874; x_wconf 87' lang='lat' dir='ltr'><strong>ctiam</strong></span> <span class='ocrx_word' id='word_1_179' title='bbox 777 1803 962 1872; x_wconf 83' lang='lat' dir='ltr'><strong>manifesta</strong></span> <span class='ocrx_word' id='word_1_180' title='bbox 997 1803 1091 1872; x_wconf 90' lang='lat' dir='ltr'><strong>dona</strong></span> <span class='ocrx_word' id='word_1_181' title='bbox 1141 1824 1207 1870; x_wconf 90' lang='lat' dir='ltr'><strong>nos</strong></span> <span class='ocrx_word' id='word_1_182' title='bbox 1222 1803 1389 1872; x_wconf 87' lang='lat' dir='ltr'><strong>adversus</strong></span> <span class='ocrx_word' id='word_1_183' title='bbox 1403 1799 1677 1898; x_wconf 89' lang='lat' dir='ltr'><strong>Sycophantias,</strong></span> <span class='ocrx_word' id='word_1_184' title='bbox 1699 1826 1790 1897; x_wconf 89' lang='lat' dir='ltr'><strong>quae</strong></span> <span class='ocrx_word' id='word_1_185' title='bbox 1808 1805 1907 1876; x_wconf 90' lang='lat' dir='ltr'><strong>nulla</strong></span> <span class='ocrx_word' id='word_1_186' title='bbox 1923 1821 2034 1879; x_wconf 90' lang='lat' dir='ltr'><strong>aetate</strong></span> <span class='ocrx_word' id='word_1_187' title='bbox 2056 1833 2133 1882; x_wconf 91' lang='lat' dir='ltr'><strong>non</strong></span> 
     </span>
     <span class='ocr_line' id='line_1_17' title="bbox 98 1897 2133 2022; baseline 0 -44"><span class='ocrx_word' id='word_1_188' title='bbox 98 1905 257 1998; x_wconf 86' lang='lat' dir='ltr'><strong>Spiritus</strong></span> <span class='ocrx_word' id='word_1_189' title='bbox 276 1905 419 1991; x_wconf 85' lang='lat' dir='ltr'><strong>sancti,¹</strong></span> <span class='ocrx_word' id='word_1_190' title='bbox 439 1921 480 1978; x_wconf 88' lang='lat' dir='ltr'><strong>ut</strong></span> <span class='ocrx_word' id='word_1_191' title='bbox 501 1905 703 1994; x_wconf 82' lang='lat' dir='ltr'><strong>intelligant</strong></span> <span class='ocrx_word' id='word_1_192' title='bbox 718 1901 887 1974; x_wconf 83' lang='lat' dir='ltr'><strong>Messinm</strong></span> <span class='ocrx_word' id='word_1_193' title='bbox 908 1897 1091 1972; x_wconf 84' lang='lat' dir='ltr'><strong>inchoasse</strong></span> <span class='ocrx_word' id='word_1_194' title='bbox 1142 1917 1371 1974; x_wconf 84' lang='lat' dir='ltr'><strong>exercuerunt</strong></span> <span class='ocrx_word' id='word_1_195' title='bbox 1390 1919 1577 1996; x_wconf 88' lang='lat' dir='ltr'><strong>occupatos</strong></span> <span class='ocrx_word' id='word_1_196' title='bbox 1596 1903 1748 1997; x_wconf 90' lang='lat' dir='ltr'><strong>publicis</strong></span> <span class='ocrx_word' id='word_1_197' title='bbox 1762 1905 1924 2022; x_wconf 52' lang='lat' dir='ltr'><strong>negotiis.</strong></span> <span class='ocrx_word' id='word_1_198' title='bbox 1975 1907 2083 1983; x_wconf 86' lang='lat' dir='ltr'><strong>Mitto</strong></span> <span class='ocrx_word' id='word_1_199' title='bbox 2097 1925 2133 1984; x_wconf 83' lang='lat' dir='ltr'><strong>et</strong></span> 
     </span>
     <span class='ocr_line' id='line_1_18' title="bbox 98 2003 2133 2098; baseline 0.003 -22"><span class='ocrx_word' id='word_1_200' title='bbox 98 2033 235 2078; x_wconf 85' lang='lat' dir='ltr'><strong>novum</strong></span> <span class='ocrx_word' id='word_1_201' title='bbox 255 2021 287 2077; x_wconf 88' lang='lat' dir='ltr'><strong>et</strong></span> <span class='ocrx_word' id='word_1_202' title='bbox 309 2018 492 2077; x_wconf 86' lang='lat' dir='ltr'><strong>aeternum</strong></span> <span class='ocrx_word' id='word_1_203' title='bbox 512 2028 678 2095; x_wconf 82' lang='lat' dir='ltr'><strong>regnum,</strong></span> <span class='ocrx_word' id='word_1_204' title='bbox 709 2019 744 2076; x_wconf 87' lang='lat' dir='ltr'><strong>et</strong></span> <span class='ocrx_word' id='word_1_205' title='bbox 765 2007 945 2096; x_wconf 87' lang='lat' dir='ltr'><strong>deponant</strong></span> <span class='ocrx_word' id='word_1_206' title='bbox 966 2003 1092 2093; x_wconf 82' lang='lat' dir='ltr'><strong>imagi·</strong></span> <span class='ocrx_word' id='word_1_207' title='bbox 1140 2005 1284 2074; x_wconf 87' lang='lat' dir='ltr'><strong>brevem</strong></span> <span class='ocrx_word' id='word_1_208' title='bbox 1299 2005 1575 2098; x_wconf 88' lang='lat' dir='ltr'><strong>responsionem·</strong></span> <span class='ocrx_word' id='word_1_209' title='bbox 1588 2009 1632 2076; x_wconf 89' lang='lat' dir='ltr'><strong>de</strong></span> <span class='ocrx_word' id='word_1_210' title='bbox 1653 2003 1909 2083; x_wconf 75' lang='lat' dir='ltr'><strong>contrectabas.</strong></span> <span class='ocrx_word' id='word_1_211' title='bbox 1958 2007 2048 2081; x_wconf 87' lang='lat' dir='ltr'><strong>Nam</strong></span> <span class='ocrx_word' id='word_1_212' title='bbox 2074 2013 2133 2084; x_wconf 89' lang='lat' dir='ltr'><strong>in-</strong></span> 
     </span>
     <span class='ocr_line' id='line_1_19' title="bbox 99 2103 2132 2205; baseline 0.003 -29"><span class='ocrx_word' id='word_1_213' title='bbox 99 2110 263 2178; x_wconf 88' lang='lat' dir='ltr'><strong>nationes</strong></span> <span class='ocrx_word' id='word_1_214' title='bbox 282 2111 326 2178; x_wconf 86' lang='lat' dir='ltr'><strong>dc</strong></span> <span class='ocrx_word' id='word_1_215' title='bbox 350 2104 500 2200; x_wconf 90' lang='lat' dir='ltr'><strong>imperio</strong></span> <span class='ocrx_word' id='word_1_216' title='bbox 521 2107 677 2200; x_wconf 83' lang='lat' dir='ltr'><strong>politico.</strong></span> <span class='ocrx_word' id='word_1_217' title='bbox 727 2103 841 2176; x_wconf 83' lang='lat' dir='ltr'><strong>Antea</strong></span> <span class='ocrx_word' id='word_1_218' title='bbox 863 2107 932 2176; x_wconf 87' lang='lat' dir='ltr'><strong>fide</strong></span> <span class='ocrx_word' id='word_1_219' title='bbox 949 2103 1092 2176; x_wconf 84' lang='lat' dir='ltr'><strong>venturi</strong></span> <span class='ocrx_word' id='word_1_220' title='bbox 1141 2118 1236 2195; x_wconf 82' lang='lat' dir='ltr'><strong>tegre</strong></span> <span class='ocrx_word' id='word_1_221' title='bbox 1259 2127 1408 2176; x_wconf 87' lang='lat' dir='ltr'><strong>resnou</strong></span> <span class='ocrx_word' id='word_1_222' title='bbox 1427 2119 1541 2200; x_wconf 89' lang='lat' dir='ltr'><strong>potest</strong></span> <span class='ocrx_word' id='word_1_223' title='bbox 1565 2107 1732 2198; x_wconf 83' lang='lat' dir='ltr'><strong>explicari</strong></span> <span class='ocrx_word' id='word_1_224' title='bbox 1753 2107 1830 2178; x_wconf 89' lang='lat' dir='ltr'><strong>sine</strong></span> <span class='ocrx_word' id='word_1_225' title='bbox 1852 2109 1957 2200; x_wconf 83' lang='lat' dir='ltr'><strong>longa</strong></span> <span class='ocrx_word' id='word_1_226' title='bbox 1972 2112 2132 2205; x_wconf 90' lang='lat' dir='ltr'><strong>disputa-</strong></span> 
     </span>
     <span class='ocr_line' id='line_1_20' title="bbox 98 2205 2132 2302; baseline 0.003 -24"><span class='ocrx_word' id='word_1_227' title='bbox 98 2209 249 2278; x_wconf 87' lang='lat' dir='ltr'><strong>Domini</strong></span> <span class='ocrx_word' id='word_1_228' title='bbox 282 2210 472 2280; x_wconf 89' lang='lat' dir='ltr'><strong>credebant</strong></span> <span class='ocrx_word' id='word_1_229' title='bbox 504 2209 573 2278; x_wconf 87' lang='lat' dir='ltr'><strong>sibi</strong></span> <span class='ocrx_word' id='word_1_230' title='bbox 605 2207 759 2300; x_wconf 25' lang='lat' dir='ltr'><strong>remissa,</strong></span> <span class='ocrx_word' id='word_1_231' title='bbox 781 2222 930 2300; x_wconf 88' lang='lat' dir='ltr'><strong>peccata.</strong></span> <span class='ocrx_word' id='word_1_232' title='bbox 973 2205 1092 2276; x_wconf 89' lang='lat' dir='ltr'><strong>·Nnnc</strong></span> <span class='ocrx_word' id='word_1_233' title='bbox 1142 2205 1257 2291; x_wconf 92' lang='lat' dir='ltr'><strong>tione,</strong></span> <span class='ocrx_word' id='word_1_234' title='bbox 1283 2220 1318 2276; x_wconf 91' lang='lat' dir='ltr'><strong>et</strong></span> <span class='ocrx_word' id='word_1_235' title='bbox 1330 2223 1423 2278; x_wconf 88' lang='lat' dir='ltr'><strong>certe</strong></span> <span class='ocrx_word' id='word_1_236' title='bbox 1438 2231 1536 2278; x_wconf 88' lang='lat' dir='ltr'><strong>sacco</strong></span> <span class='ocrx_word' id='word_1_237' title='bbox 1551 2209 1817 2279; x_wconf 85' lang='lat' dir='ltr'><strong>distinctionum</strong></span> <span class='ocrx_word' id='word_1_238' title='bbox 1834 2233 1922 2302; x_wconf 87' lang='lat' dir='ltr'><strong>opus</strong></span> <span class='ocrx_word' id='word_1_239' title='bbox 1937 2206 2061 2296; x_wconf 85' lang='lat' dir='ltr'><strong>habet,</strong></span> <span class='ocrx_word' id='word_1_240' title='bbox 2087 2217 2132 2288; x_wconf 91' lang='lat' dir='ltr'><strong>de</strong></span> 
     </span>
     <span class='ocr_line' id='line_1_21' title="bbox 97 2304 2132 2408; baseline 0.002 -28"><span class='ocrx_word' id='word_1_241' title='bbox 97 2324 296 2400; x_wconf 84' lang='lat' dir='ltr'><strong>agnoscunt</strong></span> <span class='ocrx_word' id='word_1_242' title='bbox 318 2335 358 2380; x_wconf 84' lang='lat' dir='ltr'><strong>cr</strong></span> <span class='ocrx_word' id='word_1_243' title='bbox 381 2309 574 2380; x_wconf 80' lang='lat' dir='ltr'><strong>snanilestis</strong></span> <span class='ocrx_word' id='word_1_244' title='bbox 597 2309 702 2379; x_wconf 91' lang='lat' dir='ltr'><strong>donis</strong></span> <span class='ocrx_word' id='word_1_245' title='bbox 713 2307 868 2408; x_wconf 79' lang='lat' dir='ltr'><strong>Spiritus</strong></span> <span class='ocrx_word' id='word_1_246' title='bbox 891 2307 1004 2378; x_wconf 87' lang='lat' dir='ltr'><strong>sancti</strong></span> <span class='ocrx_word' id='word_1_247' title='bbox 1027 2308 1091 2376; x_wconf 89' lang='lat' dir='ltr'><strong>da·</strong></span> <span class='ocrx_word' id='word_1_248' title='bbox 1141 2331 1213 2402; x_wconf 90' lang='lat' dir='ltr'><strong>qno</strong></span> <span class='ocrx_word' id='word_1_249' title='bbox 1237 2308 1416 2378; x_wconf 90' lang='lat' dir='ltr'><strong>interdum</strong></span> <span class='ocrx_word' id='word_1_250' title='bbox 1440 2309 1548 2378; x_wconf 90' lang='lat' dir='ltr'><strong>iocari</strong></span> <span class='ocrx_word' id='word_1_251' title='bbox 1572 2310 1674 2380; x_wconf 90' lang='lat' dir='ltr'><strong>soles.</strong></span> <span class='ocrx_word' id='word_1_252' title='bbox 1727 2307 1781 2380; x_wconf 90' lang='lat' dir='ltr'><strong>De</strong></span> <span class='ocrx_word' id='word_1_253' title='bbox 1802 2304 2020 2384; x_wconf 84' lang='lat' dir='ltr'><strong>habitatione</strong></span> <span class='ocrx_word' id='word_1_254' title='bbox 2049 2316 2132 2388; x_wconf 91' lang='lat' dir='ltr'><strong>vide</strong></span> 
     </span>
     <span class='ocr_line' id='line_1_22' title="bbox 96 2407 2132 2510; baseline 0.002 -28"><span class='ocrx_word' id='word_1_255' title='bbox 96 2428 168 2482; x_wconf 83' lang='lat' dir='ltr'><strong>tam</strong></span> <span class='ocrx_word' id='word_1_256' title='bbox 192 2435 267 2482; x_wconf 89' lang='lat' dir='ltr'><strong>csse</strong></span> <span class='ocrx_word' id='word_1_257' title='bbox 291 2410 534 2482; x_wconf 86' lang='lat' dir='ltr'><strong>remissionem</strong></span> <span class='ocrx_word' id='word_1_258' title='bbox 557 2423 791 2502; x_wconf 87' lang='lat' dir='ltr'><strong>peccatorum.</strong></span> <span class='ocrx_word' id='word_1_259' title='bbox 847 2407 951 2480; x_wconf 88' lang='lat' dir='ltr'><strong>Hanc</strong></span> <span class='ocrx_word' id='word_1_260' title='bbox 972 2407 1091 2478; x_wconf 83' lang='lat' dir='ltr'><strong>iudico</strong></span> <span class='ocrx_word' id='word_1_261' title='bbox 1124 2497 1127 2506; x_wconf 30' lang='grc' dir='ltr'>Ι</span> <span class='ocrx_word' id='word_1_262' title='bbox 1142 2419 1277 2480; x_wconf 82' lang='lat' dir='ltr'><strong>textum</strong></span> <span class='ocrx_word' id='word_1_263' title='bbox 1295 2409 1334 2478; x_wconf 91' lang='lat' dir='ltr'><strong>in</strong></span> <span class='ocrx_word' id='word_1_264' title='bbox 1350 2410 1504 2480; x_wconf 88' lang='lat' dir='ltr'><strong>secundo</strong></span> <span class='ocrx_word' id='word_1_265' title='bbox 1513 2409 1606 2482; x_wconf 91' lang='lat' dir='ltr'><strong>libro</strong></span> <span class='ocrx_word' id='word_1_266' title='bbox 1619 2407 1889 2482; x_wconf 87' lang='lat' dir='ltr'><strong>Institutionum</strong></span> <span class='ocrx_word' id='word_1_267' title='bbox 1903 2413 2007 2484; x_wconf 88' lang='lat' dir='ltr'><strong>titulo</strong></span> <span class='ocrx_word' id='word_1_268' title='bbox 2024 2417 2132 2510; x_wconf 90' lang='lat' dir='ltr'><strong>quin-</strong></span> 
     </span>
     <span class='ocr_line' id='line_1_23' title="bbox 97 2505 2130 2604; baseline 0.003 -20"><span class='ocrx_word' id='word_1_269' title='bbox 97 2514 395 2604; x_wconf 87' lang='lat' dir='ltr'><strong>simplicissimam</strong></span> <span class='ocrx_word' id='word_1_270' title='bbox 426 2536 500 2582; x_wconf 87' lang='lat' dir='ltr'><strong>esse</strong></span> <span class='ocrx_word' id='word_1_271' title='bbox 527 2511 807 2602; x_wconf 84' lang='lat' dir='ltr'><strong>explicationem.</strong></span> <span class='ocrx_word' id='word_1_272' title='bbox 867 2507 1091 2580; x_wconf 89' lang='lat' dir='ltr'><strong>Dissereham</strong></span> <span class='ocrx_word' id='word_1_273' title='bbox 1143 2524 1200 2596; x_wconf 93' lang='lat' dir='ltr'><strong>to,</strong></span> <span class='ocrx_word' id='word_1_274' title='bbox 1227 2509 1390 2581; x_wconf 91' lang='lat' dir='ltr'><strong>videlicet</strong></span> <span class='ocrx_word' id='word_1_275' title='bbox 1416 2511 1460 2580; x_wconf 90' lang='lat' dir='ltr'><strong>de</strong></span> <span class='ocrx_word' id='word_1_276' title='bbox 1481 2531 1549 2580; x_wconf 91' lang='lat' dir='ltr'><strong>usu</strong></span> <span class='ocrx_word' id='word_1_277' title='bbox 1571 2525 1605 2582; x_wconf 91' lang='lat' dir='ltr'><strong>et</strong></span> <span class='ocrx_word' id='word_1_278' title='bbox 1628 2505 1868 2600; x_wconf 88' lang='lat' dir='ltr'><strong>habitatione,</strong></span> <span class='ocrx_word' id='word_1_279' title='bbox 1899 2513 2130 2590; x_wconf 86' lang='lat' dir='ltr'><strong>ubidicitur:</strong></span> 
     </span>
     <span class='ocr_line' id='line_1_24' title="bbox 68 2605 2132 2706; baseline 0.002 -21"><span class='ocrx_word' id='word_1_280' title='bbox 68 2611 176 2685; x_wconf 85' lang='lat' dir='ltr'><strong>&#39;heri</strong></span> <span class='ocrx_word' id='word_1_281' title='bbox 199 2629 235 2686; x_wconf 90' lang='lat' dir='ltr'><strong>et</strong></span> <span class='ocrx_word' id='word_1_282' title='bbox 256 2639 336 2684; x_wconf 91' lang='lat' dir='ltr'><strong>cum</strong></span> <span class='ocrx_word' id='word_1_283' title='bbox 356 2605 524 2683; x_wconf 84' lang='lat' dir='ltr'><strong>Lullsero</strong></span> <span class='ocrx_word' id='word_1_284' title='bbox 547 2616 592 2684; x_wconf 92' lang='lat' dir='ltr'><strong>de</strong></span> <span class='ocrx_word' id='word_1_285' title='bbox 614 2607 680 2683; x_wconf 88' lang='lat' dir='ltr'><strong>hac</strong></span> <span class='ocrx_word' id='word_1_286' title='bbox 704 2637 760 2698; x_wconf 91' lang='lat' dir='ltr'><strong>re,</strong></span> <span class='ocrx_word' id='word_1_287' title='bbox 781 2612 848 2706; x_wconf 78' lang='lat' dir='ltr'><strong>&#39;qm</strong></span> <span class='ocrx_word' id='word_1_288' title='bbox 862 2613 1006 2681; x_wconf 85' lang='lat' dir='ltr'><strong>nolebat</strong></span> <span class='ocrx_word' id='word_1_289' title='bbox 1020 2609 1092 2680; x_wconf 91' lang='lat' dir='ltr'><strong>dici</strong></span> <span class='ocrx_word' id='word_1_290' title='bbox 1143 2611 1366 2704; x_wconf 87' lang='lat' dir='ltr'><strong>permisimus</strong></span> <span class='ocrx_word' id='word_1_291' title='bbox 1387 2635 1461 2682; x_wconf 91' lang='lat' dir='ltr'><strong>non</strong></span> <span class='ocrx_word' id='word_1_292' title='bbox 1486 2613 1601 2682; x_wconf 90' lang='lat' dir='ltr'><strong>solum</strong></span> <span class='ocrx_word' id='word_1_293' title='bbox 1625 2613 1665 2682; x_wconf 91' lang='lat' dir='ltr'><strong>in</strong></span> <span class='ocrx_word' id='word_1_294' title='bbox 1686 2635 1727 2682; x_wconf 89' lang='lat' dir='ltr'><strong>ea</strong></span> <span class='ocrx_word' id='word_1_295' title='bbox 1750 2615 1893 2703; x_wconf 80' lang='lat' dir='ltr'><strong>degere,</strong></span> <span class='ocrx_word' id='word_1_296' title='bbox 1932 2617 1993 2686; x_wconf 88' lang='lat' dir='ltr'><strong>sed</strong></span> <span class='ocrx_word' id='word_1_297' title='bbox 2024 2619 2132 2691; x_wconf 87' lang='lat' dir='ltr'><strong>ctiam</strong></span> 
     </span>
     <span class='ocr_line' id='line_1_25' title="bbox 97 2704 2132 2808; baseline 0.002 -22"><span class='ocrx_word' id='word_1_298' title='bbox 97 2717 430 2808; x_wconf 82' lang='lat' dir='ltr'><strong>rebaptizationem:</strong></span> <span class='ocrx_word' id='word_1_299' title='bbox 467 2712 516 2786; x_wconf 86' lang='lat' dir='ltr'><strong>Et</strong></span> <span class='ocrx_word' id='word_1_300' title='bbox 541 2715 700 2808; x_wconf 89' lang='lat' dir='ltr'><strong>dicebat,</strong></span> <span class='ocrx_word' id='word_1_301' title='bbox 735 2728 887 2807; x_wconf 88' lang='lat' dir='ltr'><strong>utroque</strong></span> <span class='ocrx_word' id='word_1_302' title='bbox 916 2711 1091 2805; x_wconf 88' lang='lat' dir='ltr'><strong>baptismo</strong></span> <span class='ocrx_word' id='word_1_303' title='bbox 1142 2713 1221 2782; x_wconf 90' lang='lat' dir='ltr'><strong>aliis</strong></span> <span class='ocrx_word' id='word_1_304' title='bbox 1243 2713 1370 2788; x_wconf 86' lang='lat' dir='ltr'><strong>locare.</strong></span> <span class='ocrx_word' id='word_1_305' title='bbox 1427 2704 1484 2784; x_wconf 80' lang='lat' dir='ltr'><strong>Et</strong></span> <span class='ocrx_word' id='word_1_306' title='bbox 1498 2709 1745 2786; x_wconf 84' lang='lat' dir='ltr'><strong>iurisconsulti</strong></span> <span class='ocrx_word' id='word_1_307' title='bbox 1769 2715 1909 2801; x_wconf 91' lang='lat' dir='ltr'><strong>dicunt,</strong></span> <span class='ocrx_word' id='word_1_308' title='bbox 1939 2711 2132 2792; x_wconf 90' lang='lat' dir='ltr'><strong>habitatio-</strong></span> 
     </span>
     <span class='ocr_line' id='line_1_26' title="bbox 96 2811 2132 2908; baseline 0.002 -20"><span class='ocrx_word' id='word_1_309' title='bbox 96 2819 205 2888; x_wconf 84' lang='lat' dir='ltr'><strong>fnisse</strong></span> <span class='ocrx_word' id='word_1_310' title='bbox 218 2818 393 2890; x_wconf 88' lang='lat' dir='ltr'><strong>utendum</strong></span> <span class='ocrx_word' id='word_1_311' title='bbox 412 2829 555 2908; x_wconf 87' lang='lat' dir='ltr'><strong>propter</strong></span> <span class='ocrx_word' id='word_1_312' title='bbox 573 2817 731 2886; x_wconf 88' lang='lat' dir='ltr'><strong>diversos</strong></span> <span class='ocrx_word' id='word_1_313' title='bbox 751 2815 937 2899; x_wconf 89' lang='lat' dir='ltr'><strong>articulos,</strong></span> <span class='ocrx_word' id='word_1_314' title='bbox 961 2811 1093 2883; x_wconf 90' lang='lat' dir='ltr'><strong>scilicet</strong></span> <span class='ocrx_word' id='word_1_315' title='bbox 1126 2813 1281 2884; x_wconf 81' lang='lat' dir='ltr'><strong>nemin</strong></span> <span class='ocrx_word' id='word_1_316' title='bbox 1304 2837 1343 2885; x_wconf 85' lang='lat' dir='ltr'><strong>ea</strong></span> <span class='ocrx_word' id='word_1_317' title='bbox 1365 2827 1463 2906; x_wconf 92' lang='lat' dir='ltr'><strong>parte</strong></span> <span class='ocrx_word' id='word_1_318' title='bbox 1485 2815 1638 2886; x_wconf 90' lang='lat' dir='ltr'><strong>similem</strong></span> <span class='ocrx_word' id='word_1_319' title='bbox 1662 2837 1735 2886; x_wconf 89' lang='lat' dir='ltr'><strong>esse</strong></span> <span class='ocrx_word' id='word_1_320' title='bbox 1750 2815 1961 2894; x_wconf 83' lang='lat' dir='ltr'><strong>ususmctui.</strong></span> <span class='ocrx_word' id='word_1_321' title='bbox 2011 2819 2082 2892; x_wconf 89' lang='lat' dir='ltr'><strong>Sed</strong></span> <span class='ocrx_word' id='word_1_322' title='bbox 2101 2823 2132 2892; x_wconf 90' lang='lat' dir='ltr'><strong>si</strong></span> 
     </span>
     <span class='ocr_line' id='line_1_27' title="bbox 99 2912 2133 3011; baseline 0.001 -21"><span class='ocrx_word' id='word_1_323' title='bbox 99 2921 143 2990; x_wconf 89' lang='lat' dir='ltr'><strong>de</strong></span> <span class='ocrx_word' id='word_1_324' title='bbox 155 2931 328 3004; x_wconf 80' lang='lat' dir='ltr'><strong>venturo,</strong></span> <span class='ocrx_word' id='word_1_325' title='bbox 354 2932 389 2989; x_wconf 89' lang='lat' dir='ltr'><strong>et</strong></span> <span class='ocrx_word' id='word_1_326' title='bbox 405 2913 562 2990; x_wconf 83' lang='lat' dir='ltr'><strong>exhibito</strong></span> <span class='ocrx_word' id='word_1_327' title='bbox 575 2912 730 2992; x_wconf 86' lang='lat' dir='ltr'><strong>Christo.</strong></span> <span class='ocrx_word' id='word_1_328' title='bbox 781 2914 921 2986; x_wconf 85' lang='lat' dir='ltr'><strong>Vitahis</strong></span> <span class='ocrx_word' id='word_1_329' title='bbox 941 2928 980 2986; x_wconf 91' lang='lat' dir='ltr'><strong>tu</strong></span> <span class='ocrx_word' id='word_1_330' title='bbox 1002 2939 1093 3008; x_wconf 92' lang='lat' dir='ltr'><strong>quo-</strong></span> <span class='ocrx_word' id='word_1_331' title='bbox 1141 2915 1209 2985; x_wconf 91' lang='lat' dir='ltr'><strong>tibi</strong></span> <span class='ocrx_word' id='word_1_332' title='bbox 1222 2937 1298 2986; x_wconf 91' lang='lat' dir='ltr'><strong>non</strong></span> <span class='ocrx_word' id='word_1_333' title='bbox 1313 2913 1506 3002; x_wconf 77' lang='lat' dir='ltr'><strong>satisfacio,</strong></span> <span class='ocrx_word' id='word_1_334' title='bbox 1527 2913 1709 3011; x_wconf 80' lang='lat' dir='ltr'><strong>Lycurgos</strong></span> <span class='ocrx_word' id='word_1_335' title='bbox 1721 2917 1893 3010; x_wconf 88' lang='lat' dir='ltr'><strong>quaerito.</strong></span> <span class='ocrx_word' id='word_1_336' title='bbox 1941 2913 2133 2994; x_wconf 88' lang='lat' dir='ltr'><strong>Commen-</strong></span> 
     </span>
     <span class='ocr_line' id='line_1_28' title="bbox 100 3009 2132 3118; baseline 0.003 -30"><span class='ocrx_word' id='word_1_337' title='bbox 100 3045 168 3113; x_wconf 89' lang='lat' dir='ltr'><strong>que</strong></span> <span class='ocrx_word' id='word_1_338' title='bbox 185 3021 348 3090; x_wconf 88' lang='lat' dir='ltr'><strong>odiosum</strong></span> <span class='ocrx_word' id='word_1_339' title='bbox 363 3043 494 3089; x_wconf 87' lang='lat' dir='ltr'><strong>nomen</strong></span> <span class='ocrx_word' id='word_1_340' title='bbox 508 3015 805 3111; x_wconf 85' lang='lat' dir='ltr'><strong>rebaptizationis.</strong></span> <span class='ocrx_word' id='word_1_341' title='bbox 832 3017 834 3022; x_wconf 75' lang='grc'>’</span> <span class='ocrx_word' id='word_1_342' title='bbox 1142 3018 1190 3088; x_wconf 91' lang='lat' dir='ltr'><strong>do</strong></span> <span class='ocrx_word' id='word_1_343' title='bbox 1211 3015 1279 3089; x_wconf 87' lang='lat' dir='ltr'><strong>tibi</strong></span> <span class='ocrx_word' id='word_1_344' title='bbox 1303 3017 1417 3088; x_wconf 92' lang='lat' dir='ltr'><strong>civem</strong></span> <span class='ocrx_word' id='word_1_345' title='bbox 1443 3028 1598 3086; x_wconf 86' lang='lat' dir='ltr'><strong>vestrum</strong></span> <span class='ocrx_word' id='word_1_346' title='bbox 1620 3009 1929 3114; x_wconf 80' lang='lat' dir='ltr'><strong>Chrislophorum</strong></span> <span class='ocrx_word' id='word_1_347' title='bbox 1948 3017 2132 3118; x_wconf 84' lang='lat' dir='ltr'><strong>Hosman,</strong></span> 
     </span>
    </p>
   </div>
   <div class='ocr_carea' id='block_1_3' title="bbox 203 3117 2133 3248">
    <p class='ocr_par' dir='ltr' id='par_1_7' title="bbox 203 3117 2133 3248">
     <span class='ocr_line' id='line_1_29' title="bbox 203 3117 2133 3248; baseline 0.01 -72"><span class='ocrx_word' id='word_1_348' title='bbox 203 3145 296 3221; x_wconf 61' lang='lat' dir='ltr'><strong>Em·</strong></span> <span class='ocrx_word' id='word_1_349' title='bbox 316 3146 418 3222; x_wconf 60' lang='lat' dir='ltr'><strong>lom</strong></span> <span class='ocrx_word' id='word_1_350' title='bbox 443 3145 564 3226; x_wconf 37' lang='lat' dir='ltr'><strong><em>Actor.</em></strong></span> <span class='ocrx_word' id='word_1_351' title='bbox 587 3153 644 3226; x_wconf 69' lang='lat'><strong>19⁸</strong></span> <span class='ocrx_word' id='word_1_352' title='bbox 659 3149 790 3248; x_wconf 56' lang='lat' dir='ltr'><em>prima</em></span> <span class='ocrx_word' id='word_1_353' title='bbox 810 3146 923 3244; x_wconf 56' lang='lat' dir='ltr'><strong>speci,</strong></span> <span class='ocrx_word' id='word_1_354' title='bbox 946 3163 1036 3246; x_wconf 61' lang='lat' dir='ltr'><strong>pm,</strong></span> <span class='ocrx_word' id='word_1_355' title='bbox 1056 3169 1093 3216; x_wconf 67' lang='lat'><strong>5,</strong></span> <span class='ocrx_word' id='word_1_356' title='bbox 1125 3117 1299 3211; x_wconf 80' lang='lat' dir='ltr'><strong>¹comperi</strong></span> <span class='ocrx_word' id='word_1_357' title='bbox 1330 3117 1426 3187; x_wconf 88' lang='lat' dir='ltr'><strong>enim</strong></span> <span class='ocrx_word' id='word_1_358' title='bbox 1451 3118 1649 3191; x_wconf 88' lang='lat' dir='ltr'><strong>studiosum</strong></span> <span class='ocrx_word' id='word_1_359' title='bbox 1683 3141 1767 3192; x_wconf 86' lang='lat' dir='ltr'><strong>esse.</strong></span> <span class='ocrx_word' id='word_1_360' title='bbox 1818 3117 1917 3192; x_wconf 87' lang='lat' dir='ltr'><strong>Bene</strong></span> <span class='ocrx_word' id='word_1_361' title='bbox 1940 3120 2029 3196; x_wconf 83' lang='lat' dir='ltr'><strong>vale.</strong></span> <span class='ocrx_word' id='word_1_362' title='bbox 2073 3127 2133 3196; x_wconf 90' lang='lat' dir='ltr'><strong>dic</strong></span> 
     </span>
    </p>
   </div>
   <div class='ocr_carea' id='block_1_4' title="bbox 95 3217 2132 4158">
    <p class='ocr_par' dir='ltr' id='par_1_8' title="bbox 95 3217 1852 3352">
     <span class='ocr_line' id='line_1_30' title="bbox 95 3217 1852 3352; baseline -0.001 -32"><span class='ocrx_word' id='word_1_363' title='bbox 95 3249 200 3350; x_wconf 86' lang='lat' dir='ltr'><strong>serre</strong></span> <span class='ocrx_word' id='word_1_364' title='bbox 217 3245 370 3335; x_wconf 78' lang='lat' dir='ltr'><strong>videtur,</strong></span> <span class='ocrx_word' id='word_1_365' title='bbox 396 3245 661 3352; x_wconf 72' lang='lat' dir='ltr'><strong>qunsiPaulus</strong></span> <span class='ocrx_word' id='word_1_366' title='bbox 676 3251 771 3322; x_wconf 80' lang='lat' dir='ltr'><strong>viros</strong></span> <span class='ocrx_word' id='word_1_367' title='bbox 787 3247 876 3321; x_wconf 86' lang='lat' dir='ltr'><strong>illos</strong></span> <span class='ocrx_word' id='word_1_368' title='bbox 895 3251 952 3322; x_wconf 76' lang='lat' dir='ltr'><strong>ts..</strong></span> <span class='ocrx_word' id='word_1_369' title='bbox 969 3250 1008 3320; x_wconf 86' lang='lat' dir='ltr'><strong>in</strong></span> <span class='ocrx_word' id='word_1_370' title='bbox 1025 3244 1093 3318; x_wconf 87' lang='lat' dir='ltr'><strong>In-</strong></span> <span class='ocrx_word' id='word_1_371' title='bbox 1145 3223 1204 3296; x_wconf 78' lang='lat'><strong>¹9·</strong></span> <span class='ocrx_word' id='word_1_372' title='bbox 1219 3217 1344 3290; x_wconf 61' lang='lat' dir='ltr'><strong>Mafffi</strong></span> <span class='ocrx_word' id='word_1_373' title='bbox 1361 3217 1471 3295; x_wconf 69' lang='lat'><strong>1⁵4⁸·</strong></span> <span class='ocrx_word' id='word_1_374' title='bbox 1843 3321 1852 3342; x_wconf 60' lang='grc'><em>,</em></span> 
     </span>
    </p>

    <p class='ocr_par' dir='ltr' id='par_1_9' title="bbox 97 3318 1981 3452">
     <span class='ocr_line' id='line_1_31' title="bbox 97 3318 1981 3452; baseline -0.001 -30"><span class='ocrx_word' id='word_1_375' title='bbox 97 3346 243 3424; x_wconf 83' lang='lat' dir='ltr'><strong>hannis</strong></span> <span class='ocrx_word' id='word_1_376' title='bbox 259 3349 446 3452; x_wconf 83' lang='lat' dir='ltr'><strong>baptisma</strong></span> <span class='ocrx_word' id='word_1_377' title='bbox 459 3352 573 3451; x_wconf 62' lang='lat' dir='ltr'><strong>prius*</strong></span> <span class='ocrx_word' id='word_1_378' title='bbox 581 3351 806 3451; x_wconf 81' lang='lat' dir='ltr'><strong>baptizatos,</strong></span> <span class='ocrx_word' id='word_1_379' title='bbox 832 3345 952 3423; x_wconf 84' lang='lat' dir='ltr'><strong>denuo</strong></span> <span class='ocrx_word' id='word_1_380' title='bbox 971 3349 1093 3446; x_wconf 53' lang='lat' dir='ltr'><strong>tapes</strong></span> <span class='ocrx_word' id='word_1_381' title='bbox 1752 3405 1757 3420; x_wconf 90' lang='grc'><em>,</em></span> <span class='ocrx_word' id='word_1_382' title='bbox 1783 3318 1879 3398; x_wconf 66' lang='lat' dir='ltr'><strong>Phss·</strong></span> <span class='ocrx_word' id='word_1_383' title='bbox 1894 3321 1981 3394; x_wconf 64' lang='lat' dir='ltr'><strong>Mel·</strong></span> 
     </span>
    </p>

    <p class='ocr_par' dir='ltr' id='par_1_10' title="bbox 97 3445 2132 3755">
     <span class='ocr_line' id='line_1_32' title="bbox 98 3445 2132 3556; baseline 0.003 -30"><span class='ocrx_word' id='word_1_384' title='bbox 98 3451 217 3526; x_wconf 83' lang='lat' dir='ltr'><strong>zarit:</strong></span> <span class='ocrx_word' id='word_1_385' title='bbox 250 3453 372 3526; x_wconf 72' lang='lat' dir='ltr'><strong>tomen</strong></span> <span class='ocrx_word' id='word_1_386' title='bbox 399 3449 608 3551; x_wconf 75' lang='lat' dir='ltr'><strong>expeditior.</strong></span> <span class='ocrx_word' id='word_1_387' title='bbox 639 3452 735 3526; x_wconf 84' lang='lat' dir='ltr'><strong>ratio</strong></span> <span class='ocrx_word' id='word_1_388' title='bbox 757 3447 975 3551; x_wconf 67' lang='lat' dir='ltr'><strong>aplicandi</strong></span> <span class='ocrx_word' id='word_1_389' title='bbox 994 3445 1093 3525; x_wconf 82' lang='lat' dir='ltr'><strong>hreno</strong></span> <span class='ocrx_word' id='word_1_390' title='bbox 1242 3451 1397 3528; x_wconf 85' lang='lat' dir='ltr'><strong>Eccium</strong></span> <span class='ocrx_word' id='word_1_391' title='bbox 1410 3456 1477 3531; x_wconf 89' lang='lat' dir='ltr'><strong>scis</strong></span> <span class='ocrx_word' id='word_1_392' title='bbox 1490 3471 1671 3530; x_wconf 84' lang='lat' dir='ltr'><strong>mortuum</strong></span> <span class='ocrx_word' id='word_1_393' title='bbox 1686 3449 1837 3553; x_wconf 74' lang='lat' dir='ltr'><strong>esse&#39;&#39;).</strong></span> <span class='ocrx_word' id='word_1_394' title='bbox 1868 3453 2032 3531; x_wconf 82' lang='lat' dir='ltr'><strong>Venetiis</strong></span> <span class='ocrx_word' id='word_1_395' title='bbox 2043 3484 2132 3556; x_wconf 89' lang='lat' dir='ltr'><strong>qua-</strong></span> 
     </span>
     <span class='ocr_line' id='line_1_33' title="bbox 97 3549 2132 3656; baseline 0.004 -31"><span class='ocrx_word' id='word_1_396' title='bbox 97 3552 221 3626; x_wconf 84' lang='lat' dir='ltr'><strong>loenm</strong></span> <span class='ocrx_word' id='word_1_397' title='bbox 237 3563 307 3638; x_wconf 86' lang='lat' dir='ltr'><strong>est,</strong></span> <span class='ocrx_word' id='word_1_398' title='bbox 332 3555 370 3628; x_wconf 84' lang='lat' dir='ltr'><strong>si</strong></span> <span class='ocrx_word' id='word_1_399' title='bbox 382 3551 569 3652; x_wconf 77' lang='lat' dir='ltr'><strong>Synloxis</strong></span> <span class='ocrx_word' id='word_1_400' title='bbox 584 3549 729 3629; x_wconf 82' lang='lat' dir='ltr'><strong>Graeco</strong></span> <span class='ocrx_word' id='word_1_401' title='bbox 752 3555 973 3634; x_wconf 71' lang='lat' dir='ltr'><strong>observetur,</strong></span> <span class='ocrx_word' id='word_1_402' title='bbox 999 3577 1092 3651; x_wconf 77' lang='lat' dir='ltr'><strong>quoe</strong></span> <span class='ocrx_word' id='word_1_403' title='bbox 1243 3571 1325 3631; x_wconf 91' lang='lat' dir='ltr'><strong>tuor</strong></span> <span class='ocrx_word' id='word_1_404' title='bbox 1346 3559 1611 3632; x_wconf 85' lang='lat' dir='ltr'><strong>concionatores</strong></span> <span class='ocrx_word' id='word_1_405' title='bbox 1631 3581 1721 3654; x_wconf 88' lang='lat' dir='ltr'><strong>pure</strong></span> <span class='ocrx_word' id='word_1_406' title='bbox 1748 3561 1876 3632; x_wconf 89' lang='lat' dir='ltr'><strong>docent</strong></span> <span class='ocrx_word' id='word_1_407' title='bbox 1896 3557 2132 3656; x_wconf 77' lang='lat' dir='ltr'><strong>Evangelium</strong></span> 
     </span>
     <span class='ocr_line' id='line_1_34' title="bbox 99 3649 1462 3755; baseline 0 -29"><span class='ocrx_word' id='word_1_408' title='bbox 99 3654 141 3726; x_wconf 85' lang='lat' dir='ltr'><strong>in</strong></span> <span class='ocrx_word' id='word_1_409' title='bbox 155 3651 304 3728; x_wconf 82' lang='lat' dir='ltr'><strong>Latino</strong></span> <span class='ocrx_word' id='word_1_410' title='bbox 319 3655 479 3728; x_wconf 76' lang='lat' dir='ltr'><strong>versione</strong></span> <span class='ocrx_word' id='word_1_411' title='bbox 491 3655 609 3755; x_wconf 85' lang='lat' dir='ltr'><strong>paulo</strong></span> <span class='ocrx_word' id='word_1_412' title='bbox 623 3666 674 3729; x_wconf 83' lang='lat' dir='ltr'><strong>est</strong></span> <span class='ocrx_word' id='word_1_413' title='bbox 696 3655 899 3743; x_wconf 82' lang='lat' dir='ltr'><strong>obscurior,</strong></span> <span class='ocrx_word' id='word_1_414' title='bbox 924 3653 990 3726; x_wconf 83' lang='lat' dir='ltr'><strong>ubi</strong></span> <span class='ocrx_word' id='word_1_415' title='bbox 1011 3649 1092 3750; x_wconf 81' lang='lat' dir='ltr'><strong>(his</strong></span> <span class='ocrx_word' id='word_1_416' title='bbox 1244 3662 1327 3734; x_wconf 79' lang='lat' dir='ltr'><strong>satis</strong></span> <span class='ocrx_word' id='word_1_417' title='bbox 1340 3661 1462 3736; x_wconf 80' lang='lat' dir='ltr'><strong>libere,</strong></span> 
     </span>
    </p>

    <p class='ocr_par' dir='ltr' id='par_1_11' title="bbox 99 3751 1092 3857">
     <span class='ocr_line' id='line_1_35' title="bbox 99 3751 1092 3857; baseline -0.003 -29"><span class='ocrx_word' id='word_1_418' title='bbox 99 3753 263 3850; x_wconf 68' lang='lat' dir='ltr'><strong>auditu)</strong></span> <span class='ocrx_word' id='word_1_419' title='bbox 280 3756 432 3857; x_wconf 86' lang='lat' dir='ltr'><strong>ponitur</strong></span> <span class='ocrx_word' id='word_1_420' title='bbox 443 3783 512 3857; x_wconf 86' lang='lat' dir='ltr'><strong>pro</strong></span> <span class='ocrx_word' id='word_1_421' title='bbox 527 3754 761 3844; x_wconf 76' lang='lat' dir='ltr'><strong>oixotioatrer,</strong></span> <span class='ocrx_word' id='word_1_422' title='bbox 786 3753 910 3842; x_wconf 78' lang='lat' dir='ltr'><strong>idest,</strong></span> <span class='ocrx_word' id='word_1_423' title='bbox 934 3751 1092 3826; x_wconf 82' lang='lat' dir='ltr'><strong>audien-</strong></span> 
     </span>
    </p>

    <p class='ocr_par' dir='ltr' id='par_1_12' title="bbox 99 3853 1895 3958">
     <span class='ocr_line' id='line_1_36' title="bbox 99 3853 1895 3958; baseline -0.006 -28"><span class='ocrx_word' id='word_1_424' title='bbox 99 3867 172 3932; x_wconf 80' lang='lat' dir='ltr'><strong>tes:</strong></span> <span class='ocrx_word' id='word_1_425' title='bbox 196 3867 229 3930; x_wconf 85' lang='lat' dir='ltr'><strong>el</strong></span> <span class='ocrx_word' id='word_1_426' title='bbox 244 3883 337 3958; x_wconf 83' lang='lat' dir='ltr'><strong>quoe</strong></span> <span class='ocrx_word' id='word_1_427' title='bbox 352 3853 587 3934; x_wconf 74' lang='lat' dir='ltr'><strong>verba&#39;Pault</strong></span> <span class='ocrx_word' id='word_1_428' title='bbox 595 3869 693 3947; x_wconf 86' lang='lat' dir='ltr'><strong>sunl,</strong></span> <span class='ocrx_word' id='word_1_429' title='bbox 718 3881 758 3930; x_wconf 86' lang='lat' dir='ltr'><strong>eo</strong></span> <span class='ocrx_word' id='word_1_430' title='bbox 774 3858 982 3958; x_wconf 81' lang='lat' dir='ltr'><strong>reseruntur</strong></span> <span class='ocrx_word' id='word_1_431' title='bbox 996 3881 1093 3955; x_wconf 79' lang='lat' dir='ltr'><strong>qua·</strong></span> <span class='ocrx_word' id='word_1_432' title='bbox 1892 3936 1895 3942; x_wconf 23' lang='lat' dir='ltr'><em>s</em></span> 
     </span>
    </p>

    <p class='ocr_par' dir='ltr' id='par_1_13' title="bbox 98 3955 2131 4158">
     <span class='ocr_line' id='line_1_37' title="bbox 98 3955 2123 4086; baseline -0.002 -52"><span class='ocrx_word' id='word_1_433' title='bbox 98 3961 138 4034; x_wconf 85' lang='lat' dir='ltr'><strong>si</strong></span> <span class='ocrx_word' id='word_1_434' title='bbox 157 3957 424 4056; x_wconf 77' lang='lat' dir='ltr'><strong>Evangelistoe</strong></span> <span class='ocrx_word' id='word_1_435' title='bbox 446 3959 554 4032; x_wconf 82' lang='lat' dir='ltr'><strong>verbo</strong></span> <span class='ocrx_word' id='word_1_436' title='bbox 576 3971 701 4033; x_wconf 85' lang='lat' dir='ltr'><strong>essent.</strong></span> <span class='ocrx_word' id='word_1_437' title='bbox 760 3955 950 4032; x_wconf 79' lang='lat' dir='ltr'><strong>Sententia</strong></span> <span class='ocrx_word' id='word_1_438' title='bbox 971 3967 1091 4029; x_wconf 85' lang='lat' dir='ltr'><strong>nutem</strong></span> <span class='ocrx_word' id='word_1_439' title='bbox 1143 4007 1178 4080; x_wconf 78' lang='lat' dir='ltr'>N</span> <span class='ocrx_word' id='word_1_440' title='bbox 1226 4006 1326 4078; x_wconf 64' lang='lat'><strong>2662</strong></span> <span class='ocrx_word' id='word_1_441' title='bbox 1970 4023 2018 4086; x_wconf 57' lang='grc' dir='ltr'><em>ω</em></span> <span class='ocrx_word' id='word_1_442' title='bbox 2041 4013 2123 4079; x_wconf 45' lang='grc' dir='ltr'><strong>ΜΗ</strong></span> 
     </span>
     <span class='ocr_line' id='line_1_38' title="bbox 102 4035 2131 4158; baseline 0.001 -26"><span class='ocrx_word' id='word_1_443' title='bbox 102 4085 187 4134; x_wconf 81' lang='lat' dir='ltr'><strong>vera</strong></span> <span class='ocrx_word' id='word_1_444' title='bbox 210 4055 301 4134; x_wconf 77' lang='lat' dir='ltr'><strong>haec</strong></span> <span class='ocrx_word' id='word_1_445' title='bbox 319 4073 387 4134; x_wconf 79' lang='lat' dir='ltr'><strong>est:</strong></span> <span class='ocrx_word' id='word_1_446' title='bbox 418 4057 716 4134; x_wconf 77' lang='lat' dir='ltr'><strong>Dixit&#39;Poulus:</strong></span> <span class='ocrx_word' id='word_1_447' title='bbox 741 4055 932 4131; x_wconf 78' lang='lat' dir='ltr'><strong>Iohannes</strong></span> <span class='ocrx_word' id='word_1_448' title='bbox 947 4054 1093 4158; x_wconf 76' lang='lat' dir='ltr'><strong>quidem</strong></span> <span class='ocrx_word' id='word_1_449' title='bbox 1151 4035 1338 4134; x_wconf 41' lang='grc' dir='ltr'><strong>ἕνη-,ι’</strong></span> <span class='ocrx_word' id='word_1_450' title='bbox 1955 4059 2131 4135; x_wconf 51' lang='lat' dir='ltr'><strong>„La-⁶</strong></span> 
     </span>
    </p>
   </div>
   <div class='ocr_carea' id='block_1_5' title="bbox 101 4159 1811 4278">
    <p class='ocr_par' dir='ltr' id='par_1_14' title="bbox 101 4159 1811 4278">
     <span class='ocr_line' id='line_1_39' title="bbox 101 4159 1811 4278; baseline 0.009 -44"><span class='ocrx_word' id='word_1_451' title='bbox 101 4160 307 4261; x_wconf 77' lang='lat' dir='ltr'><strong>baptizavit</strong></span> <span class='ocrx_word' id='word_1_452' title='bbox 324 4161 511 4262; x_wconf 81' lang='lat' dir='ltr'><strong>baptismo</strong></span> <span class='ocrx_word' id='word_1_453' title='bbox 529 4160 791 4261; x_wconf 83' lang='lat' dir='ltr'><strong>poenitentioe,</strong></span> <span class='ocrx_word' id='word_1_454' title='bbox 816 4159 938 4233; x_wconf 84' lang='lat' dir='ltr'><strong>dicens</strong></span> <span class='ocrx_word' id='word_1_455' title='bbox 957 4159 1094 4258; x_wconf 85' lang='lat' dir='ltr'><strong>populo</strong></span> <span class='ocrx_word' id='word_1_456' title='bbox 1460 4189 1509 4276; x_wconf 72' lang='lat' dir='ltr'><strong><em>R</em></strong></span> <span class='ocrx_word' id='word_1_457' title='bbox 1537 4187 1811 4278; x_wconf 55' lang='lat' dir='ltr'><strong>Medmanm,</strong></span> 
     </span>
    </p>
   </div>
   <div class='ocr_carea' id='block_1_6' title="bbox 101 4257 1810 4464">
    <p class='ocr_par' dir='ltr' id='par_1_15' title="bbox 101 4257 1810 4464">
     <span class='ocr_line' id='line_1_40' title="bbox 102 4257 1094 4364; baseline -0.002 -28"><span class='ocrx_word' id='word_1_458' title='bbox 102 4275 142 4336; x_wconf 82' lang='lat' dir='ltr'><strong>ut</strong></span> <span class='ocrx_word' id='word_1_459' title='bbox 157 4265 197 4333; x_wconf 88' lang='lat' dir='ltr'><strong>in</strong></span> <span class='ocrx_word' id='word_1_460' title='bbox 214 4288 292 4334; x_wconf 85' lang='lat' dir='ltr'><strong>eum</strong></span> <span class='ocrx_word' id='word_1_461' title='bbox 309 4263 377 4364; x_wconf 83' lang='lat' dir='ltr'><strong>qui</strong></span> <span class='ocrx_word' id='word_1_462' title='bbox 391 4263 553 4334; x_wconf 81' lang='lat' dir='ltr'><strong>veniebat</strong></span> <span class='ocrx_word' id='word_1_463' title='bbox 566 4274 649 4362; x_wconf 84' lang='lat' dir='ltr'><strong>post</strong></span> <span class='ocrx_word' id='word_1_464' title='bbox 665 4263 681 4334; x_wconf 87' lang='lat' dir='ltr'><strong>i</strong></span> <span class='ocrx_word' id='word_1_465' title='bbox 704 4287 785 4334; x_wconf 83' lang='lat' dir='ltr'><strong>sum</strong></span> <span class='ocrx_word' id='word_1_466' title='bbox 803 4259 1001 4343; x_wconf 78' lang='lat' dir='ltr'><strong>crederent,</strong></span> <span class='ocrx_word' id='word_1_467' title='bbox 1026 4257 1094 4334; x_wconf 83' lang='lat' dir='ltr'><strong>hoc</strong></span> 
     </span>
     <span class='ocr_line' id='line_1_41' title="bbox 101 4289 1810 4464; baseline -0.004 -28"><span class='ocrx_word' id='word_1_468' title='bbox 101 4375 175 4452; x_wconf 85' lang='lat' dir='ltr'><strong>est,</strong></span> <span class='ocrx_word' id='word_1_469' title='bbox 206 4363 389 4438; x_wconf 82' lang='lat' dir='ltr'><strong>inlesum</strong></span> <span class='ocrx_word' id='word_1_470' title='bbox 408 4356 626 4438; x_wconf 57' lang='lat' dir='ltr'><strong>Christum?</strong></span> <span class='ocrx_word' id='word_1_471' title='bbox 663 4289 744 4464; x_wconf 59' lang='lat'><strong>6⁸⁸⁰</strong></span> <span class='ocrx_word' id='word_1_472' title='bbox 758 4389 837 4436; x_wconf 85' lang='lat' dir='ltr'><strong>vero</strong></span> <span class='ocrx_word' id='word_1_473' title='bbox 860 4359 963 4434; x_wconf 77' lang='lat' dir='ltr'><strong>illud</strong></span> <span class='ocrx_word' id='word_1_474' title='bbox 982 4359 1094 4434; x_wconf 83' lang='lat' dir='ltr'><strong>oudi-</strong></span> <span class='ocrx_word' id='word_1_475' title='bbox 1242 4367 1467 4442; x_wconf 70' lang='lat' dir='ltr'><strong>‘rssnroesin</strong></span> <span class='ocrx_word' id='word_1_476' title='bbox 1483 4363 1810 4422; x_wconf 69' lang='lat' dir='ltr'><strong>cod.t³sris.1).1.sr=.</strong></span> 
     </span>
    </p>
   </div>
   <div class='ocr_carea' id='block_1_7' title="bbox 103 4461 2133 4722">
    <p class='ocr_par' dir='ltr' id='par_1_16' title="bbox 103 4461 2133 4722">
     <span class='ocr_line' id='line_1_42' title="bbox 103 4461 2094 4599; baseline 0.023 -63"><span class='ocrx_word' id='word_1_477' title='bbox 103 4477 245 4554; x_wconf 83' lang='lat' dir='ltr'><strong>verunt,</strong></span> <span class='ocrx_word' id='word_1_478' title='bbox 286 4466 473 4565; x_wconf 81' lang='lat' dir='ltr'><strong>baptizati</strong></span> <span class='ocrx_word' id='word_1_479' title='bbox 493 4475 579 4539; x_wconf 87' lang='lat' dir='ltr'><strong>sunt</strong></span> <span class='ocrx_word' id='word_1_480' title='bbox 610 4465 650 4538; x_wconf 82' lang='lat' dir='ltr'><strong>e&#39;n</strong></span> <span class='ocrx_word' id='word_1_481' title='bbox 671 4489 800 4538; x_wconf 89' lang='lat' dir='ltr'><strong>nomen</strong></span> <span class='ocrx_word' id='word_1_482' title='bbox 821 4463 986 4537; x_wconf 81' lang='lat' dir='ltr'><strong>Domini</strong></span> <span class='ocrx_word' id='word_1_483' title='bbox 1006 4461 1093 4536; x_wconf 86' lang='lat' dir='ltr'><strong>Iesu</strong></span> <span class='ocrx_word' id='word_1_484' title='bbox 1148 4521 1202 4599; x_wconf 75' lang='lat' dir='ltr'><strong>V.</strong></span> <span class='ocrx_word' id='word_1_485' title='bbox 1312 4522 1343 4593; x_wconf 51' lang='grc' dir='ltr'><strong>ἱ.</strong></span> <span class='ocrx_word' id='word_1_486' title='bbox 1448 4519 1492 4592; x_wconf 74' lang='lat' dir='ltr'><em>D</em></span> <span class='ocrx_word' id='word_1_487' title='bbox 1527 4515 1607 4592; x_wconf 61' lang='lat' dir='ltr'><strong>pp</strong></span> <span class='ocrx_word' id='word_1_488' title='bbox 1688 4518 1800 4596; x_wconf 71' lang='lat' dir='ltr'><strong>Md</strong></span> <span class='ocrx_word' id='word_1_489' title='bbox 2020 4515 2094 4597; x_wconf 76' lang='lat' dir='ltr'><strong>CI</strong></span> 
     </span>
     <span class='ocr_line' id='line_1_43' title="bbox 104 4543 2133 4722; baseline 0.016 -84"><span class='ocrx_word' id='word_1_490' title='bbox 104 4575 149 4663; x_wconf 88' lang='lat' dir='ltr'><strong>(a</strong></span> <span class='ocrx_word' id='word_1_491' title='bbox 159 4563 634 4667; x_wconf 74' lang='lat' dir='ltr'><strong>Iohannescilicel)posteo</strong></span> <span class='ocrx_word' id='word_1_492' title='bbox 648 4560 1094 4667; x_wconf 75' lang='lat' dir='ltr'><strong>seqnitarltsroriaecon-</strong></span> <span class='ocrx_word' id='word_1_493' title='bbox 1187 4545 1585 4722; x_wconf 42' lang='grc' dir='ltr'><strong>Τῗιῖαᾞέἐίρρώωῗ</strong></span> <span class='ocrx_word' id='word_1_494' title='bbox 1611 4543 2075 4702; x_wconf 49' lang='grc' dir='ltr'><strong>ἑζήωιωὲῃῖαῗέεῗζηαο</strong></span> <span class='ocrx_word' id='word_1_495' title='bbox 2094 4550 2133 4596; x_wconf 43' lang='grc' dir='ltr'><strong>θ’</strong></span> 
     </span>
    </p>
   </div>
   <div class='ocr_carea' id='block_1_8' title="bbox 102 4667 2132 4855">
    <p class='ocr_par' dir='ltr' id='par_1_17' title="bbox 102 4667 2132 4855">
     <span class='ocr_line' id='line_1_44' title="bbox 102 4667 888 4769; baseline 0.001 -27"><span class='ocrx_word' id='word_1_496' title='bbox 102 4671 267 4743; x_wconf 80' lang='lat' dir='ltr'><strong>tinuatio</strong></span> <span class='ocrx_word' id='word_1_497' title='bbox 285 4669 400 4742; x_wconf 78' lang='lat' dir='ltr'><strong>verbis</strong></span> <span class='ocrx_word' id='word_1_498' title='bbox 420 4667 688 4769; x_wconf 74' lang='lat' dir='ltr'><strong>Evangelistae</strong></span> <span class='ocrx_word' id='word_1_499' title='bbox 704 4693 888 4769; x_wconf 68' lang='lat' dir='ltr'><strong>expressa.</strong></span> 
     </span>
     <span class='ocr_line' id='line_1_45' title="bbox 1144 4739 2132 4855; baseline 0.002 -25"><span class='ocrx_word' id='word_1_500' title='bbox 1144 4739 1189 4830; x_wconf 80' lang='lat' dir='ltr'><strong>S.</strong></span> <span class='ocrx_word' id='word_1_501' title='bbox 1215 4757 1260 4834; x_wconf 90' lang='lat' dir='ltr'><strong>D.</strong></span> <span class='ocrx_word' id='word_1_502' title='bbox 1311 4755 1508 4852; x_wconf 88' lang='lat' dir='ltr'><strong>Epistolam</strong></span> <span class='ocrx_word' id='word_1_503' title='bbox 1529 4761 1571 4830; x_wconf 89' lang='lat' dir='ltr'><strong>ad</strong></span> <span class='ocrx_word' id='word_1_504' title='bbox 1597 4772 1630 4829; x_wconf 91' lang='lat' dir='ltr'><strong>te</strong></span> <span class='ocrx_word' id='word_1_505' title='bbox 1652 4758 1732 4828; x_wconf 88' lang='lat' dir='ltr'><strong>misi</strong></span> <span class='ocrx_word' id='word_1_506' title='bbox 1754 4783 1816 4851; x_wconf 90' lang='lat' dir='ltr'><strong>per</strong></span> <span class='ocrx_word' id='word_1_507' title='bbox 1838 4784 1915 4844; x_wconf 74' lang='grc' dir='ltr'><strong>εοε,</strong></span> <span class='ocrx_word' id='word_1_508' title='bbox 1941 4761 2003 4855; x_wconf 88' lang='lat' dir='ltr'><strong>qui</strong></span> <span class='ocrx_word' id='word_1_509' title='bbox 2018 4761 2132 4832; x_wconf 85' lang='lat' dir='ltr'><strong>Fran-</strong></span> 
     </span>
    </p>
   </div>
   <div class='ocr_carea' id='block_1_9' title="bbox 98 4861 2134 5070">
    <p class='ocr_par' dir='ltr' id='par_1_18' title="bbox 98 4861 2134 5070">
     <span class='ocr_line' id='line_1_46' title="bbox 98 4861 2132 4954; baseline -0.001 -21"><span class='ocrx_word' id='word_1_510' title='bbox 98 4878 328 4896; x_wconf 85' lang='grc'><em>···““··“···“</em></span> <span class='ocrx_word' id='word_1_511' title='bbox 1143 4861 1338 4932; x_wconf 85' lang='lat' dir='ltr'><strong>colordiam</strong></span> <span class='ocrx_word' id='word_1_512' title='bbox 1362 4862 1649 4952; x_wconf 84' lang='lat' dir='ltr'><strong>proficiscuntur,</strong></span> <span class='ocrx_word' id='word_1_513' title='bbox 1690 4885 1796 4953; x_wconf 80' lang='lat' dir='ltr'><strong>quam</strong></span> <span class='ocrx_word' id='word_1_514' title='bbox 1825 4861 1925 4932; x_wconf 91' lang='lat' dir='ltr'><strong>reddi</strong></span> <span class='ocrx_word' id='word_1_515' title='bbox 1946 4864 2012 4932; x_wconf 88' lang='lat' dir='ltr'><strong>tibi</strong></span> <span class='ocrx_word' id='word_1_516' title='bbox 2034 4879 2132 4954; x_wconf 90' lang='lat' dir='ltr'><strong>opta·</strong></span> 
     </span>
     <span class='ocr_line' id='line_1_47' title="bbox 134 4960 2134 5070; baseline -0.001 -36"><span class='ocrx_word' id='word_1_517' title='bbox 134 5001 253 5070; x_wconf 71' lang='lat' dir='ltr'><strong>need.</strong></span> <span class='ocrx_word' id='word_1_518' title='bbox 265 4999 348 5058; x_wconf 80' lang='lat' dir='ltr'><strong>Goth.</strong></span> <span class='ocrx_word' id='word_1_519' title='bbox 361 5005 511 5058; x_wconf 59' lang='lat' dir='ltr'><strong>mm„</strong></span> <span class='ocrx_word' id='word_1_520' title='bbox 756 5047 759 5050; x_wconf 23' lang='lat'>¹</span> <span class='ocrx_word' id='word_1_521' title='bbox 1147 4965 1224 5034; x_wconf 87' lang='lat' dir='ltr'><strong>rim.</strong></span> <span class='ocrx_word' id='word_1_522' title='bbox 1282 4960 1407 5033; x_wconf 92' lang='lat' dir='ltr'><strong>Scribo</strong></span> <span class='ocrx_word' id='word_1_523' title='bbox 1433 4963 1547 5034; x_wconf 91' lang='lat' dir='ltr'><strong>rarius</strong></span> <span class='ocrx_word' id='word_1_524' title='bbox 1573 4985 1647 5032; x_wconf 91' lang='lat' dir='ltr'><strong>non</strong></span> <span class='ocrx_word' id='word_1_525' title='bbox 1673 4961 1778 5032; x_wconf 90' lang='lat' dir='ltr'><strong>aliam</strong></span> <span class='ocrx_word' id='word_1_526' title='bbox 1804 4963 1852 5032; x_wconf 91' lang='lat' dir='ltr'><strong>ob</strong></span> <span class='ocrx_word' id='word_1_527' title='bbox 1875 4987 2032 5048; x_wconf 88' lang='lat' dir='ltr'><strong>causam,</strong></span> <span class='ocrx_word' id='word_1_528' title='bbox 2063 4965 2134 5034; x_wconf 90' lang='lat' dir='ltr'><strong>nisi</strong></span> 
     </span>
    </p>
   </div>
   <div class='ocr_carea' id='block_1_10' title="bbox 1144 5130 1411 5148">
    <p class='ocr_par' dir='ltr' id='par_1_19' title="bbox 1144 5130 1411 5148">
     <span class='ocr_line' id='line_1_48' title="bbox 1144 5130 1411 5148; baseline 0 -2"><span class='ocrx_word' id='word_1_529' title='bbox 1144 5130 1370 5148; x_wconf 50' lang='grc' dir='ltr'><strong><em>Μ</em></strong></span> <span class='ocrx_word' id='word_1_530' title='bbox 1399 5131 1411 5140; x_wconf 75' lang='grc'><em>·</em></span> 
     </span>
    </p>
   </div>
   <div class='ocr_carea' id='block_1_11' title="bbox 1179 5211 2132 5287">
    <p class='ocr_par' dir='ltr' id='par_1_20' title="bbox 1179 5211 2132 5287">
     <span class='ocr_line' id='line_1_49' title="bbox 1179 5211 2132 5287; baseline 0.016 -27"><span class='ocrx_word' id='word_1_531' title='bbox 1179 5218 1209 5285; x_wconf 75' lang='lat' dir='ltr'><strong>s)</strong></span> <span class='ocrx_word' id='word_1_532' title='bbox 1226 5216 1366 5272; x_wconf 66' lang='lat'><strong>11292010</strong></span> <span class='ocrx_word' id='word_1_533' title='bbox 1381 5225 1406 5270; x_wconf 58' lang='grc' dir='ltr'><strong>ει</strong></span> <span class='ocrx_word' id='word_1_534' title='bbox 1421 5215 1582 5287; x_wconf 70' lang='lat' dir='ltr'><strong>polycarpo.</strong></span> <span class='ocrx_word' id='word_1_535' title='bbox 1618 5212 1681 5271; x_wconf 86' lang='lat' dir='ltr'><strong>Vid.</strong></span> <span class='ocrx_word' id='word_1_536' title='bbox 1696 5231 1738 5286; x_wconf 87' lang='lat' dir='ltr'><strong>ep.</strong></span> <span class='ocrx_word' id='word_1_537' title='bbox 1750 5211 1863 5286; x_wconf 83' lang='lat' dir='ltr'><strong>Myron.</strong></span> <span class='ocrx_word' id='word_1_538' title='bbox 1880 5214 1907 5268; x_wconf 91' lang='lat' dir='ltr'><strong>d.</strong></span> <span class='ocrx_word' id='word_1_539' title='bbox 1921 5213 2054 5270; x_wconf 63' lang='lat' dir='ltr'><strong>teu-st.</strong></span> <span class='ocrx_word' id='word_1_540' title='bbox 2066 5215 2132 5275; x_wconf 65' lang='lat' dir='ltr'><strong>tta.</strong></span> 
     </span>
    </p>
   </div>
   <div class='ocr_carea' id='block_1_12' title="bbox 1128 5297 2134 5426">
    <p class='ocr_par' dir='ltr' id='par_1_21' title="bbox 1128 5297 2134 5426">
     <span class='ocr_line' id='line_1_50' title="bbox 1128 5297 2134 5426; baseline 0.003 -73"><span class='ocrx_word' id='word_1_541' title='bbox 1128 5375 1156 5408; x_wconf 22' lang='grc' dir='ltr'><strong>*ἱ</strong></span> <span class='ocrx_word' id='word_1_542' title='bbox 1178 5302 1336 5426; x_wconf 48' lang='lat' dir='ltr'><strong>miletium</strong></span> <span class='ocrx_word' id='word_1_543' title='bbox 1357 5299 1437 5358; x_wconf 78' lang='lat' dir='ltr'><strong>Febr.</strong></span> <span class='ocrx_word' id='word_1_544' title='bbox 1459 5297 1532 5355; x_wconf 77' lang='grc'><strong>1548.</strong></span> <span class='ocrx_word' id='word_1_545' title='bbox 1568 5297 1630 5354; x_wconf 90' lang='lat' dir='ltr'><strong>Vid.</strong></span> <span class='ocrx_word' id='word_1_546' title='bbox 1651 5315 1731 5370; x_wconf 79' lang='lat' dir='ltr'><strong>supra</strong></span> <span class='ocrx_word' id='word_1_547' title='bbox 1751 5313 1793 5368; x_wconf 87' lang='lat' dir='ltr'><strong>ep.</strong></span> <span class='ocrx_word' id='word_1_548' title='bbox 1813 5297 1847 5353; x_wconf 79' lang='lat' dir='ltr'><strong>sd</strong></span> <span class='ocrx_word' id='word_1_549' title='bbox 1868 5297 2002 5355; x_wconf 73' lang='lat' dir='ltr'><strong>Cameren</strong></span> <span class='ocrx_word' id='word_1_550' title='bbox 2022 5309 2134 5356; x_wconf 73' lang='lat' dir='ltr'><strong>exeunte</strong></span> 
     </span>
    </p>
   </div>
   <div class='ocr_carea' id='block_1_13' title="bbox 104 5443 1293 5516">
    <p class='ocr_par' dir='ltr' id='par_1_22' title="bbox 104 5443 1293 5516">
     <span class='ocr_line' id='line_1_51' title="bbox 104 5443 1293 5516; baseline -0.007 -3"><span class='ocrx_word' id='word_1_551' title='bbox 104 5445 407 5516; x_wconf 68' lang='lat' dir='ltr'><strong>Herminones.</strong></span> <span class='ocrx_word' id='word_1_552' title='bbox 435 5445 574 5512; x_wconf 71' lang='lat' dir='ltr'><strong>Vonv.</strong></span> <span class='ocrx_word' id='word_1_553' title='bbox 1270 5443 1293 5516; x_wconf 83' lang='lat'><em>5</em></span> 
     </span>
    </p>
   </div>
   <div class='ocr_carea' id='block_1_14' title="bbox 0 0 2384 5796">
    <p class='ocr_par' dir='ltr' id='par_1_23' title="bbox 0 0 2384 5796">
     <span class='ocr_line' id='line_1_52' title="bbox 0 0 2384 5796; baseline 0 0"><span class='ocrx_word' id='word_1_554' title='bbox 0 0 2384 5796; x_wconf 95' lang='lat' dir='ltr'><strong> </strong></span> 
     </span>
    </p>
   </div>
  </div>
 </body>
</html>
