4670 5806
224 237 303 316 499
517 211 520 230 ⁸
801 227 1231 316 Ittuswuauunt
1294 229 1504 318 Libtltt.
1556 229 1692 311 sset.
1758 267 1760 272 ·
2182 233 2264 308 6⁰0

225 412 345 482 adesse
366 401 550 480 Christum
574 429 654 478 vere
680 419 716 478 et
740 429 805 476 nos
828 407 896 476 sibi
916 409 1073 478 membra
1090 407 1213 490 facere,
1265 403 1449 488 erudiant,
1471 405 1606 495 erigant
1621 405 1849 488 confirment,
1876 407 2114 480 consolentur.
2159 405 2262 478 Haec

225 535 293 582 nec
315 524 410 580 extra
430 533 534 582 usum
550 508 638 578 ritus
660 509 752 578 ullos
776 503 907 580 hahere
930 508 1141 578 sacramenti
1156 533 1213 584 ra·-
1262 505 1359 574 enim
1375 519 1458 576 sunt
1473 506 1635 576 exercitia
1654 509 1737 576 fidei
1754 509 1823 600 piis
1839 523 1873 579 et
1889 511 2103 595 necessaria,
2126 521 2160 579 et
2180 535 2261 578 non
2326 511 2327 540 ³

224 614 373 686 tionem.
423 605 589 680 Arbitror
603 610 635 678 ei
651 612 879 686 satisfactum.
929 609 998 684 Sed
1023 611 1054 680 si
1078 610 1213 680 intelli·
1264 606 1401 692 ignota,
1427 607 1471 675 de
1492 607 1622 701 quibus
1639 605 1818 700 Propheta
1842 611 1977 702 inquit:
2003 605 2176 680 Lucerna
2191 633 2261 706 pe-

226 737 323 806 gam,
355 735 429 782 non
452 733 525 780 esse
556 711 789 797 satisfactum,
821 714 864 781 de
890 712 1098 803 migratione
1123 707 1211 780 mihi
1264 700 1373 775 ditas
1388 705 1478 776 meis
1495 705 1639 776 verbum
1660 718 1773 779 tuurn.
1824 707 1882 781 Ad
1899 707 2113 782 huneusum
2131 715 2261 781 dome·

226 813 453 905 cogitandum
474 811 561 897 erit,
585 825 627 882 ut
650 838 705 882 me
729 814 833 882 etiam
849 837 949 882 meus
963 815 1076 902 ¹irater
1091 809 1212 883 horta·
1263 807 1389 878 sticum
1404 806 1508 880 initio
1523 805 1612 880 mihi
1629 806 1694 880 hos
1709 813 1804 884 locos
1820 813 1979 898 institui,
2005 826 2040 882 et
2056 839 2136 884 cum
2153 815 2260 882 vide-
2327 823 2328 856 t

225 930 302 1000 tur,
328 927 363 986 et
378 936 497 984 causas
514 907 627 984 habeo
644 915 771 984 multas
787 929 821 984 et
834 937 997 1003 magnas,
1022 915 1211 1007 dequibus
1263 933 1354 1000 rem,
1380 905 1436 978 his
1458 911 1673 982 turbulentis
1697 915 1916 1007 temporibus
1938 915 2118 999 interdum
2133 915 2259 1008 aliqua

224 1031 340 1089 tecum
357 1039 475 1086 coram
489 1014 626 1110 loquar.
676 1013 768 1084 Nam
789 1016 925 1085 etiamsi
942 1039 1015 1086 non
1029 1017 1149 1088 mittar
1166 1018 1210 1084 ad
1263 1010 1494 1099 explicatione
1518 1036 1607 1104 opus
1628 1037 1721 1102 esse,
1752 1017 1876 1084 addidi
1911 1015 2089 1086 interdum
2116 1017 2260 1110 aliquas

225 1111 506 1212 conventum²)‚
530 1131 648 1187 tamen
670 1119 714 1188 ad
735 1129 768 1186 te
784 1119 987 1208 expatiabor
1003 1119 1209 1208 paulopost.
1262 1113 1515 1202 descriptiones
1536 1127 1596 1183 aut
1618 1116 1838 1207 partitiones.
1894 1114 1992 1186 Haec
2025 1143 2106 1187 curn
2131 1131 2259 1210 postea

224 1217 397 1290 Fortassis
416 1213 523 1288 hodie
552 1207 623 1290 huc
651 1220 854 1288 adserantur
877 1215 950 1288 loci
970 1212 1167 1312 theologici
1190 1241 1209 1288 a
1262 1213 1574 1284 circumferrentur
1596 1215 1821 1288 inmanibus
1842 1219 2059 1302 multorom,
2079 1241 2259 1308 recogno-

213 1345 281 1404 ¹me
296 1334 455 1392 recenter
468 1319 657 1410 recogniti,
683 1345 835 1412 quorum
849 1321 1037 1390 lectionem
1056 1323 1122 1391 tibi
1138 1321 1209 1389 scio
1261 1315 1388 1386 scendo
1402 1328 1437 1384 et
1451 1318 1611 1406 augenda
1627 1319 1782 1392 fuerunt.
1832 1316 1917 1390 Non
1932 1319 2148 1404 ambitione,
2175 1343 2257 1390 non

222 1419 398 1514 voluptati
415 1422 503 1496 iore.
553 1419 724 1492 Materiae
746 1445 867 1490 omnes
889 1421 937 1490 ita
954 1423 1136 1513 perspicue
1151 1445 1209 1490 ex·
1261 1412 1499 1511 φιλονεικείᾳ,
1525 1442 1599 1488 non
1616 1420 1870 1506 aemulatione,
1890 1445 1964 1490 non
1979 1434 2020 1500 ut
2032 1445 2183 1492 sererem
2197 1421 2255 1490 ri·

108 1585 113 1594 .
222 1525 372 1618 plicatae
385 1535 486 1607 sunt,
510 1536 550 1594 ut
567 1523 690 1594 lectori
707 1523 764 1614 pio
787 1525 1043 1594 satisfacturum
1060 1547 1208 1614 sperem.
1259 1511 1449 1601 xas,.haec
1466 1533 1501 1588 et
1515 1519 1705 1592 instituiet
1721 1522 1863 1613 collegi,
1886 1524 1948 1592 sed
1964 1523 2118 1613 primum
2135 1537 2255 1593 utme

170 1645 178 1664 ¹
222 1621 397 1698 Fortassis
417 1637 534 1694 autem
561 1623 599 1692 in
623 1617 688 1694 hac
704 1649 774 1694 una
790 1626 1025 1696 controversia
1044 1627 1207 1694 decoena
1260 1616 1376 1708 ipsum
1401 1621 1598 1704 erudirem,
1622 1622 1752 1692 deinde
1775 1637 1816 1694 ul
1836 1623 2058 1716 sslithfflma
2082 1627 2144 1717 qui
2163 1621 2254 1694 haec

223 1726 363 1798 domini
385 1727 490 1818 plura
512 1724 585 1794 dici
606 1726 725 1802 velles.
775 1724 844 1796 Sed
868 1749 942 1796 non
963 1727 1062 1794 volui
1085 1749 1209 1796 accen-
1259 1717 1438 1807 legebant,
1470 1716 1617 1792 honesta
1640 1738 1674 1793 et
1697 1723 1755 1814 pia
1775 1725 1893 1802 studia
1908 1725 2124 1796 adiuvatem.
2176 1725 2253 1800 Sed
2330 1751 2331 1754 ¹

192 1843 196 1857 '
222 1827 306 1900 dere
328 1841 363 1898 et
384 1849 511 1917 augere
535 1827 746 1912 certamina,
770 1841 804 1896 et
824 1828 974 1918 optarim
988 1828 1126 1896 consuli
1148 1851 1208 1896 ve-
1259 1822 1302 1888 de
1317 1819 1499 1892 voluntate
1514 1847 1591 1894 mea
1607 1819 1699 1894 nihil
1713 1825 1828 1904 dicam
1843 1825 2013 1918 amplius,
2029 1851 2136 1919 quam
2149 1832 2254 1922 quod

221 1953 299 2000 ram
315 1928 572 2022 antiquitatem.
597 1927 741 1999 Mittam
755 1929 822 1998 tibi
837 1929 970 1999 librum
985 1953 1027 1997 ex
1042 1925 1097 1998 his
1112 1953 1207 2000 nun.
1258 1917 1334 1990 Deo
1358 1923 1544 2013 probatam
1570 1948 1642 1996 esse
1661 1949 1783 2018 spero,
1814 1951 1854 1998 ac
1884 1951 1982 1998 meae
2014 1929 2254 2002 conscientiae

221 2030 335 2115 dinis,
359 2031 390 2100 si
404 2023 511 2100 hodie
526 2029 729 2102 adserentur
742 2031 919 2122 exempla,
944 2042 1005 2100 aut
1020 2043 1112 2101 certe
1124 2031 1207 2102 mit·
1258 2022 1502 2094 testimonium
1552 2027 1710 2098 antefero
1737 2028 2069 2126 ,criminationibus
2119 2027 2253 2114 Eccie',
2331 2063 2332 2102 t

220 2147 294 2206 tam
315 2155 399 2202 mor
422 2154 502 2202 cum
524 2133 669 2202 domum
692 2131 842 2206 rediero.
892 2127 969 2202 Abs
989 2144 1024 2201 te
1047 2145 1142 2224 peto,
1167 2145 1207 2201 nt
1258 2114 1453 2208 CocMaei,
1479 2121 1689 2224 Alsonsi*)
1715 2131 1979 2214 etmultorum,
2000 2129 2066 2223 ,qui
2090 2131 2163 2204 illis
2182 2159 2252 2226 ap-

219 2259 285 2328 pro
311 2233 455 2303 ecclesia
480 2245 516 2303 et
534 2257 600 2324 pro
626 2257 682 2302 me
695 2229 890 2303 Dominum
912 2231 1206 2325 nostrumslesum
1258 2225 1443 2316 plaudunt.
1499 2227 1591 2298 Cum
1613 2245 1730 2300 autem
1753 2253 1791 2298 re
1815 2232 1890 2322 ipsa
1913 2234 2157 2322 cognoverim,
2186 2262 2253 2306 ex-

150 2405 153 2414 ,
219 2331 402 2410 Christum
418 2357 516 2420 ores,
539 2348 582 2405 ut
600 2358 665 2404 nos
685 2335 1206 2425 omnesregatspiritusancto,
1258 2325 1482 2418 plicationem
1511 2331 1715 2418 dogmatum
1739 2326 1918 2402 Ecclesiae
1941 2345 2088 2426 propter
2115 2339 2251 2408 multas

220 2437 311 2508 sicut
325 2436 503 2528 promisit:
529 2459 605 2506 non
621 2435 794 2529 reliquam
811 2431 1076 2526 vosorphanos.
1108 2433 1206 2506 Bene
1257 2451 1394 2498 caussas
1409 2453 1498 2518 opus
1513 2453 1586 2498 esse
1606 2432 1873 2518 difficillimum,
1899 2443 1934 2504 et
1956 2457 2158 2530 quanquam
2179 2463 2251 2509 ne·
2332 2439 2333 2482 ³

219 2553 255 2610 es
271 2538 420 2609 feliciter
435 2538 524 2609 vale,
551 2535 597 2613 Χ,
615 2533 795 2610 Octobris,
820 2535 962 2628 Lipsiae
975 2533 1023 2630 ³),
1257 2529 1446 2600 cessarium
1470 2543 1539 2618 est,
1564 2544 1680 2602 tamen
1699 2533 1843 2623 plenum
1868 2559 1941 2604 esse
1962 2536 2166 2625 ingentium
2181 2565 2251 2632 pe-

729 2633 916 2731 Philippus
931 2633 1156 2713 Melanthon,
1256 2629 1467 2700 riculorum:
1494 2646 1625 2706 attente
1641 2635 1763 2704 audivi
1784 2635 1992 2730 interpretes
2009 2641 2165 2712 eruditos
2179 2635 2251 2714 καὶ

1258 2726 1541 2820 θεοδιδάκτους,
1561 2748 1595 2806 et
1607 2735 1778 2805 mediocri
1794 2761 1876 2807 cura
1893 2751 1928 2809 et
1944 2739 2170 2812 solicitudine
2186 2741 2249 2812 in-

216 2889 249 2962 N
301 2890 404 2965 305⁰
649 2828 653 2836 ’
1081 2903 1102 2964 h
1257 2833 1387 2925 quisivi
1408 2831 1586 2906 Ecclesiae
1608 2837 1825 2924 doctrinam,
1859 2852 1894 2910 et
1914 2854 2060 2912 conatus
2086 2867 2164 2913 sarm
2187 2869 2247 2914 res

222 2917 417 3018 L.)
527 2951 531 2961 ·
1025 2901 1197 3022 ,(Νζ),
1257 2957 1372 3020 veras,
1397 2950 1526 3028 quanta
1543 2937 1661 3028 potui,
1688 2940 1935 3032 perspicuitate
1950 2942 2107 3012 recitare.
2157 2943 2246 3016 Non

590 3041 837 3156 Praffatio,
1255 3035 1361 3124 gigno
1391 3061 1500 3106 novas
1522 3037 1730 3129 opiniones,
1762 3064 1828 3110 nec
1860 3041 1958 3111 aliud
1988 3043 2103 3114 maius
2128 3047 2246 3118 scelus

1254 3160 1327 3206 esse
1341 3138 1379 3205 in
1393 3134 1549 3208 Ecclesia
1566 3135 1634 3207 Dei
1649 3141 1783 3222 sentio,
1810 3165 1916 3235 quam
1931 3143 2054 3213 ludere
2067 3147 2245 3237 fingendis

283 3185 419 3244 Praelatio
436 3189 580 3261 praemissa
595 3189 780 3245 Melantbonis
801 3189 868 3245 locis
883 3187 1064 3260 theologicis.
1079 3197 1106 3242 et
1122 3207 1202 3312 repe·
1329 3240 1338 3254 ,
1434 3241 1442 3256 ,
1474 3240 1483 3256 .
1538 3240 1546 3258 ,
1740 3245 1748 3261 ,
2119 3251 2128 3267 ,

316 3256 363 3310 tite
377 3258 406 3312 in
419 3259 546 3314 omnibus
562 3259 743 3318 editionibus,
761 3278 830 3331 quae
829 3269 936 3380 ''postea
951 3257 1120 3330 prodierunt.
1172 3279 1202 3312 e·
1255 3262 1357 3308 novis
1384 3241 1616 3330 0P¹11¹⁰sslii11⁸
1651 3255 1685 3314 ei
1712 3244 1890 3314 discedere
1915 3267 1935 3314 ὃ
1960 3242 2171 3336 PfflPheilca
2206 3263 2246 3322 Εἴ

315 3323 397 3514 pla
410 3325 836 3516 :ttatsetasattpa
850 3325 1201 3464 ..ta.¹.⁴.⁷·1n,tm
1252 3335 1455 3428 testona
1487 3343 1660 3434 seratura
1693 3358 1728 3416 ει
2061 3347 2243 3422 &aaa

336 3462 400 3514 ubio
419 3473 509 3531 caret,
538 3463 639 3518 librum
660 3481 732 3515 anno
756 3467 768 3518 l
789 3467 830 3518 dl.
852 3464 979 3536 prodiise.
1020 3465 1104 3519 Anno
1128 3464 1200 3516 enim
1252 3437 1330 3513 Del·
1381 3439 1520 3533 sequor
1539 3437 1655 3514 aulem
1679 3459 1713 3516 el
1733 3447 1927 3538 amplector
1948 3449 2146 3520 doctrinam
2168 3449 2244 3522 Ee-

315 3527 733 3683 ffiffphggssdct3222¹il2j³fsu¹ff
754 3531 2030 3669 '‘gipuffi''22203'2‘2‘23332201clesiaeW'tebergensisetconiunctamm,
2055 3577 2146 3644 quae
2162 3555 2243 3624 sine

313 3669 375 3721 dem
397 3678 516 3739 pm,
533 3671 579 3722 sed
597 3669 625 3722 a„
646 3687 766 3722 acorem
789 3669 916 3726 inductus
928 3687 977 3742 per
992 3687 1092 3722 sunum
1114 3669 1198 3738 154³,
1251 3643 1322 3712 ulla
1337 3645 1558 3716 dubitatione
1573 3672 1767 3720 consensus
1783 3663 1833 3718 est
1848 3648 2028 3738 Ecclesiae
2044 3649 2242 3726 catholicae

312 3736 474 3858 ῗξῇῡῑῑῠῦῑ
492 3738 669 3808 adscriptum.
693 3805 699 3820 ,
720 3738 823 3792 verum
844 3739 885 3794 *²¹
907 3755 1039 3791 numerus
1060 3738 1126 3794 ¹⁵⁴³
1148 3757 1198 3809 pro
1250 3739 1401 3830 Christi,
1429 3748 1466 3815 id
1488 3763 1556 3833 est,
1588 3750 1749 3820 omnium
1775 3751 1998 3822 eruditorum
2021 3755 2059 3823 in
2082 3751 2242 3830 Ecclesia

395 3814 435 3860 est
453 3822 530 3858 error
542 3806 715 3877 typographi,
735 3807 795 3866 vel,
812 3808 888 3930 prod
901 3807 980 3876 longe
995 3805 1131 3876 praefero,
1144 3826 1198 3878 pu·

314 3873 441 3940 randum,
459 3871 655 3958 typographum
676 3876 810 3930 annotat
829 3915 837 3930 .
855 3875 1196 3998 paraueqmdamnovam
1249 3841 1396 3920 Christi.
1437 3846 1527 3920 Vult
1543 3863 1659 3920 autem
1675 3849 1807 3921 Paulus
1820 3875 1893 3921 esse
1907 3853 2037 3924 iudicia
2055 3858 2241 3928 doctrinae

312 3943 471 4066 petrianam,
483 3953 645 4015 ¹⁰¹¹¹¹¹¹¹¹t⁰⁰
658 3942 759 3996 nerum
772 3963 829 3998 ²⁸⁸⁶
842 3963 864 4018 ².
886 3942 1065 4026 inscriptione
1078 3955 1103 3998 ²¹
1118 3964 1197 4016 ΡΜ·
1249 3947 1288 4015 ἱιι
1301 3945 1475 4034 Ecclesia,
1497 3964 1537 4021 ut
1554 3951 1681 4022 veritas
1696 3966 1855 4023 servetur
1866 3955 2090 4047 incorrupta,
2114 3975 2149 4030 et
2163 3983 2240 4032 non

325 4023 430 4081 attone,
448 4009 569 4066 laborem
583 4021 673 4066 eutem
689 4031 704 4066 a
721 4011 896 4068 Melantbone
908 4011 956 4066 allo
971 4028 1047 4065 enno
1062 4013 1197 4068 desertum

312 4099 385 4151 esse,
404 4079 590 4152 quiainterim
606 4081 799 4150 constituerat,
820 4081 1115 4136 librumretesere.·-
1140 4081 1197 4136 Nisi
1249 4061 1379 4118 temere
1403 4049 1633 4124 labefactetur
1655 4055 1855 4129 c⁰¹¹⁰⁰fdiao
1908 4053 1958 4128 Ei
1984 4081 2135 4147 agnosco
2162 4062 2241 4155 ipse

312 4149 409 4230 lallop,
426 4147 584 4266 exlepistola
606 4149 639 4200 ad
658 4149 879 4231 Meienburgium
898 4149 926 4202 d.
943 4151 969 4232 d..
993 4151 1032 4203 tt.
1047 4149 1112 4205 Oct.
1134 4151 1162 4232 h,
1173 4171 1197 4205 s.
1250 4173 1408 4220 meorum
1426 4153 1637 4245 scriptorum
1652 4155 1799 4226 maciem
1815 4170 1849 4226 et
1861 4157 2071 4250 squalorem,
2098 4158 2238 4250 Quam.

312 4233 451 4272 conncere
477 4225 544 4284 acet,
562 4216 768 4270 Melanthonem
785 4217 901 4272 volume
919 4219 1028 4299 quidem
1051 4217 1196 4299 praelatio·

312 4303 374 4338 nem
388 4293 510 4350 mutare,
529 4285 720 4353 sedeamipso
740 4285 1135 4356 ahsentecuminscrrptsonet
1176 4289 1197 4342 is
1249 4275 1355 4344 (luam
1373 4253 1482 4342 igitur
1501 4255 1645 4347 proprie
1660 4269 1693 4326 ei
1708 4258 1814 4348 Plane
1833 4258 1933 4362 bidui
1948 4262 2092 4347 studeo,
2115 4275 2236 4332 tamen

311 4352 474 4424 cesennam
488 4369 556 4404 ose.
591 4351 884 4425 metanomiam„
901 4353 1125 4408 detscedisione
1165 4377 1197 4410 e·
1248 4353 1468 4446 fieripotest,
1494 4357 1701 4446 praesertim
1719 4357 1756 4426 in
1773 4361 2172 4436 tantamolererum'et
2194 4365 2235 4434 in

310 4419 422 4476 ¹²⁰¹¹²⁰¹¹
437 4419 467 4476 δ’
481 4423 523 4474 ¹⁰⁰
539 4419 608 4473 Nev.
621 4420 647 4474 ᾖ·
661 4439 687 4476 ¹¹
699 4423 852 4492 'wind
866 4421 1051 4484 'theodoenus
1249 4467 1345 4526 tanta
1369 4457 1558 4540 brevitate,
1588 4469 1629 4528 ut
1655 4459 1835 4544 interdum
1868 4461 2003 4554 aliquid
2027 4463 2161 4534 dictum
2189 4465 2237 4536 sit

310 4535 511 4637 Philippus
536 4533 769 4610 Melanthos
792 4539 880 4638 pio
903 4535 1098 4612 Lectori
1248 4557 1450 4641 obscurius,
1475 4571 1536 4627 aut
1555 4582 1680 4650 pamm
1697 4563 1892 4636 commode.
1941 4559 2026 4632 Ideo
2043 4588 2117 4633 non
2133 4567 2236 4636 delu-

205 4651 251 4744 S.
272 4669 317 4744 D,
367 4669 518 4742 Prodest
537 4673 636 4742 firma
662 4645 696 4742 ξι
722 4674 903 4764 perspicua
928 4671 1128 4743 testimonia
1151 4675 1195 4744 de
1246 4659 1304 4747 gio
1334 4656 1465 4727 iudicia
1496 4653 1979 4763 Ecclesiarumxnostrarum.
2040 4663 2132 4736 Nam
2169 4661 2234 4738 has

206 4775 354 4866 singulis
386 4773 544 4844 articulis
576 4773 758 4844 doctrinae
794 4771 1032 4860 Christianae,
1067 4776 1193 4856 ordine
1246 4781 1369 4829 ⁶⁰⁰⁸e⁰
1390 4781 1472 4828 vm
1491 4783 1564 4830 0⁵⁵⁶
1579 4759 1647 4832 Dei
1661 4757 1855 4834 Ecclesiam
1875 4779 1909 4836 et
1923 4789 2006 4834 vera
2027 4767 2141 4838 animi
2157 4768 2233 4860 pie-

206 4877 414 4962 distributa,
439 4874 596 4945 velutin
619 4875 747 4946 tabella
770 4869 898 4945 habere
920 4878 1116 4969 proposita,
1142 4893 1192 4963 ut,
1243 4874 1313 4931 ²³²⁸
1338 4883 1395 4930 0⁸³
1420 4885 1588 4949 venem,
1612 4888 1679 4934 1¹⁰⁰
1699 4889 1756 4936 ¹¹¹²
1779 4867 1824 4938 ab
1840 4867 1890 4936 01³
1909 4867 2111 4959 seiungam,
2136 4893 2233 4942 mea·

86 5041 88 5048 s
204 5001 285 5050 cum
311 4979 492 5072 disputant
512 4977 622 5046 animi
646 5001 782 5060 secum,
807 4991 868 5048 aut
891 4993 1086 5068 anguntur,
1110 5005 1190 5050 sen·
1243 4990 1448 5030 -—-³--—

110 5145 115 5156 .
203 5083 334 5155 tentiae
355 5094 469 5152 certae
491 5080 530 5149 in
544 5095 732 5172 conspectu
756 5079 845 5166 sint,
871 5103 960 5174 qaue
975 5083 1189 5174 trepidantes
1276 5078 1473 5205 *lffiljieffl
1494 5081 1909 5224 igppjsspffivrfflessipffl·
1922 5087 2229 5214 Ptfficffifflwss

1239 5189 1246 5202 ⁸
1467 5191 1476 5216 l
1900 5191 1910 5223 ἱ

238 5271 268 5337 2)
286 5270 420 5330 Conveni.
434 5271 584 5328 Womst.
599 5287 671 5326 anuo
686 5271 763 5328 1546,
1133 5298 1137 5310 ,
1308 5219 1370 5342 ¹²:¹¹:
1384 5218 1679 5346 ὖὶὶιῑῧέῦψθΐιῑῖήι
1715 5226 1761 5298 qui
1780 5225 1903 5346 scdripsit:
1925 5224 2089 5350 Philipchr
2108 5229 2227 5351 dispudu.

237 5355 267 5424 8)
285 5357 407 5428 Lipsiae,
426 5349 828 5430 quosdnondinesproiectus
842 5367 909 5414 erat.
1307 5307 1450 5416 femiam
1466 5310 1618 5432 (25:¹23)
1637 5302 1924 5419 glsgf'ssssf'ssffffl
1944 5311 1992 5364 W
2052 5296 2163 5354 hhiel.
2198 5315 2228 5350 e-
