4722 5808
201 208 278 348 sse
782 201 1214 326 narsronanuu
1264 245 1461 325 nram
1515 245 1645 329 esen
2164 254 2243 334 ω

205 457 326 525 mans,
351 428 445 506 banc
460 429 752 522 significationem
774 427 845 496 mei
858 449 939 517 erga
952 437 988 496 te
1004 422 1116 494 animi
1130 419 1197 494 tibi
1245 443 1343 491 mum
1360 421 1512 512 excepit,
1537 421 1734 509 consulere,
1755 425 1800 495 ad
1815 423 1974 518 Regulos
1987 427 2062 498 eins
2076 428 2241 518 regionis,

208 569 283 618 non
309 543 483 630 ingratam
509 534 597 603 fore.
665 528 789 626 ltaque
814 525 884 600 hoc
909 529 987 620 ipso
1014 539 1139 599 autore
1165 535 1199 593 et
1245 523 1441 616 expatiatus
1464 537 1532 609 est,
1557 525 1619 594 sed
1642 525 1761 596 alieno
1786 539 1962 622 tempore,
1993 555 2075 600 cum
2096 531 2168 600 iam
2187 531 2245 600 im

210 665 379 741 sponsore
399 641 443 709 de
462 637 643 707 voluntate
659 646 739 715 tua,
765 655 871 703 ausus
892 655 970 702 sum
993 631 1037 700 ad
1054 642 1089 700 te
1112 627 1200 696 scri·
1245 627 1290 695 ad
1306 639 1418 696 castra
1438 641 1682 719 properarent.
1734 626 1797 698 Me
1819 653 1937 702 secum
1958 633 2126 716 abduxit,
2151 645 2245 704 tam-

208 755 312 832 bcre,
338 741 497 814 acvalde
519 753 661 820 tauro,
686 749 726 806 nt
747 737 1028 828 qualemcunque
1044 753 1200 801 comme·
1245 728 1310 797 etsi
1334 729 1379 806 ad
1404 742 1437 799 te
1463 728 1638 821 proficisci
1662 731 1868 808 malueram.
1919 732 1993 805 Nec
2008 736 2166 826 prolecto
2183 759 2246 806 me

208 847 443 923 mutationem
464 841 534 910 mei
555 835 665 909 studii
683 851 718 907 et
733 837 863 906 amoris
888 859 967 926 erga
991 849 1024 905 te
1044 835 1083 901 in
1106 832 1198 924 opti·
1245 829 1471 900 deterruisset
1491 831 1655 922 cogitatio
1673 833 1905 905 mirificorum
1929 860 2134 907 sermonum
2151 837 2241 907 civi-
2353 883 2354 888 κ

208 977 303 1026 mam
325 961 460 1040 partem
478 942 648 1033 accipias,
668 954 701 1009 et
722 963 778 1007 me
803 939 857 1008 tui
874 937 1073 1008 studiosum
1094 935 1200 1003 vicis·
1246 932 1327 1002 tatis
1342 944 1495 1017 vestrae,
1518 957 1607 1026 quae
1625 928 1693 1002 hoc
1710 948 1866 1027 tempore
1890 939 1987 1008 varia
2008 941 2173 1028 poemata
2196 941 2243 1008 de

208 1059 275 1128 sim
289 1045 536 1122 benevolentia
552 1057 612 1113 tna
631 1042 873 1132 complectare.
924 1037 1120 1131 Reliquum
1138 1049 1200 1120 est,
1244 1035 1339 1104 bello
1357 1027 1554 1128 Lycaonio
1571 1036 1869 1112 comminiscetur.
1906 1039 2100 1110 Subiissem
2119 1042 2243 1110 vultus
2353 1115 2354 1132 χ

209 1173 249 1230 nt
273 1153 339 1226 tibi
363 1145 549 1218 Holenam
571 1144 833 1228 commendem,
860 1165 928 1234 qua
952 1141 1062 1230 gratia
1086 1139 1199 1230 ipsea
1245 1141 1323 1208 τῶν
1341 1129 1642 1232 ἐπιχαιρεκακίαν.
1693 1137 1886 1209 Nonenim
1900 1143 2244 1212 nnncdimieabitnr

207 1285 264 1331 me
278 1258 399 1327 literas
414 1248 596 1340 llagitavit.
647 1244 717 1316 Sed
735 1268 797 1334 ego
814 1245 949 1334 priores
963 1257 1079 1334 partes
1094 1263 1200 1325 meas,
1245 1241 1288 1308 de
1311 1237 1383 1306 illis
1396 1238 1585 1332 Lycaoniis
1610 1240 1763 1326 exuviis,
1789 1245 1850 1312 sed
1873 1239 1957 1338 περὶ
1980 1236 2243 1324 καταστάσεως

152 1427 159 1436 .
207 1377 248 1436 ut
265 1383 328 1452 per
343 1352 441 1425 bunc
456 1353 571 1444 ipsum
589 1369 645 1416 me
661 1347 726 1416 tibi
748 1347 866 1437 potins
878 1343 1121 1414 commendari
1136 1367 1201 1412 vo·
1246 1335 1404 1413 ἁπασῶν
1424 1339 1646 1433 ἐκκλησιῶν,
1675 1342 1713 1410 in
1736 1344 1866 1436 quibus
1888 1359 2068 1438 uteunque
2092 1346 2243 1416 eluctari

210 1462 349 1535 luerim.
400 1455 491 1525 Nam
523 1454 566 1520 de
591 1451 668 1542 ipso
696 1449 816 1517 minus
843 1443 936 1516 mihi
963 1446 1200 1515 laborandum
1247 1441 1338 1534 cepit
1355 1467 1396 1512 ex
1411 1443 1618 1513 densissima
1633 1443 1784 1534 caligine
1805 1446 1953 1533 veritas,
1979 1445 2024 1519 οὐ
2045 1444 2129 1542 περὶ
2149 1446 2241 1519 ὄνου

212 1590 285 1639 esse
302 1563 463 1642 videtur,
489 1579 527 1623 ac
546 1575 591 1621 ne
610 1575 699 1642 opus
718 1553 809 1642 apud
833 1563 867 1620 te
892 1549 1037 1642 quidem
1057 1569 1200 1616 accura—
1248 1548 1368 1630 σκιᾶς,
1404 1540 1497 1616 ἀλλὰ
1519 1541 1603 1641 περὶ
1625 1549 1689 1639 τῆς
1718 1541 1962 1630 διδασκαλίας
1984 1543 2243 1643 παλαιοτάτης,

207 1670 299 1742 tiore
324 1656 630 1733 commendatione
655 1677 738 1722 esse.
797 1650 867 1722 Sed
892 1664 1010 1721 tamen
1032 1649 1115 1742 qnia
1134 1647 1201 1716 ali·
1248 1636 1327 1740 ἕνῇ
1348 1641 1471 1726 ὁθεός
1486 1643 1722 1743 ἐφανέρωσεν
1737 1643 1860 1723 αὑτοῦ
1883 1647 2062 1745 ἀκίνητον
2082 1644 2241 1750 γνώμην

209 1770 306 1868 quod
329 1759 572 1836 testimonium
594 1756 686 1825 vitae
707 1749 766 1824 bic
789 1768 884 1824 actae
913 1751 1052 1823 auferre
1076 1748 1201 1832 voluit,
1248 1745 1330 1842 περὶ
1346 1743 1530 1844 σωτηρίας
1546 1743 1775 1844 ἀνθρώπων.
1826 1751 1960 1848 Meque
1977 1769 2135 1825 sustento
2153 1777 2242 1823 con·

208 1871 277 1946 hoc
294 1869 363 1961 ipsi
379 1879 421 1936 nt
437 1859 632 1932 honorilice
650 1859 764 1938 detur,
787 1855 901 1927 virtus
916 1851 1073 1924 hominis
1087 1876 1201 1920 mere·
1248 1851 1392 1922 scientia
1408 1852 1563 1942 optimae
1585 1853 1799 1938 voluntatis,
1826 1856 2028 1950 quicunque
2045 1870 2151 1926 erunt
2168 1855 2243 1924 exi-

211 1993 283 2049 tur.
321 1967 436 2040 Erant
450 1959 517 2032 boc
531 1961 668 2054 prolixe
684 1957 927 2028 confirmaturi
944 1957 1015 2026 suis
1029 1955 1142 2024 literis
1156 1953 1200 2022 ad
1249 1966 1317 2022 tus.
1370 1951 1482 2044 Spero
1498 1967 1614 2022 autem
1630 1967 1664 2023 et
1682 1955 1794 2024 exitus
1812 1979 1909 2026 nunc
1925 1959 2069 2050 quidem
2093 1981 2167 2027 non
2189 1970 2243 2026 te-

209 2095 244 2150 te
258 2074 304 2146 D.
321 2069 455 2142 Ductor
469 2055 659 2134 Latherns
682 2074 718 2131 et
732 2053 932 2156 Philippus
950 2049 1200 2140 Melanthum
1248 2067 1323 2123 tros
1337 2055 1424 2128 fore.
1466 2053 1520 2124 De
1536 2050 1592 2123 his
1607 2057 1714 2125 rebus
1729 2057 1886 2150 colloqui
1901 2073 2014 2129 tecum
2032 2083 2151 2128 coram
2166 2082 2244 2128 ma-

209 2181 270 2252 sed
299 2197 381 2244 casn
405 2169 550 2248 accidit,
575 2177 617 2234 nt
640 2189 737 2233 nunc
760 2175 942 2252 cogeretur
964 2161 1033 2230 iter
1061 2157 1201 2248 ingredi
1247 2155 1323 2231 lim.
1374 2151 1498 2248 Nuper
1520 2181 1599 2226 cnm
1623 2158 1779 2243 adesses,
1803 2161 1937 2230 oblitus
1961 2185 2040 2232 sum
2063 2161 2132 2232 tibi
2156 2162 2244 2230 dare

207 2281 281 2352 illis
306 2273 525 2354 absentibus,
558 2289 637 2336 cnm
662 2290 732 2335 nna
756 2277 871 2333 essent
893 2265 937 2333 ad
967 2263 1105 2356 aliquot
1127 2261 1201 2328 dies
1248 2258 1326 2328 auri
1341 2259 1423 2348 puri
1437 2282 1587 2328 massam
1604 2273 1743 2340 natam,
1771 2283 1844 2329 non
1860 2277 2015 2346 coctam,
2041 2277 2081 2332 ut
2096 2265 2244 2332 sortasse

210 2378 401 2474 exspatiati.
454 2373 524 2444 Sed
547 2371 590 2438 de
616 2370 763 2438 illorum
787 2365 920 2435 iudicio
944 2365 1087 2434 interim
1110 2356 1201 2430 mihi
1222 2337 1228 2459 l
1248 2373 1382 2429 veteres
1398 2357 1576 2456 ἄπεφθον
1592 2361 1770 2446 dixerunt,
1797 2387 1875 2438 cum
1892 2365 2035 2457 quidem
2055 2367 2140 2433 clare
2155 2387 2244 2432 con-

209 2483 311 2566 testi,
333 2493 373 2550 ut
397 2500 520 2570 spero,
548 2473 686 2554 credes,
712 2493 750 2538 ac
764 2464 951 2536 Holenam
967 2477 1200 2535 revertentem
1248 2461 1458 2547 stituissem‚
1480 2464 1541 2530 sed
1560 2463 1613 2532 fui
1628 2463 1787 2552 ineptus,
1814 2488 1879 2555 pro
1897 2460 2125 2542 aurofsilices
2149 2465 2245 2548 dedi,

210 2589 260 2658 ita
274 2582 440 2672 recipies,
465 2590 506 2648 ut
523 2574 585 2667 qni
602 2598 678 2642 eam
694 2569 1040 2640 commendationem
1055 2565 1201 2635 eximiae
1249 2587 1290 2632 ex
1324 2564 1422 2656 quib.
1458 2564 1550 2654 ignis
1585 2565 1780 2638 excuditur.
1831 2564 1937 2638 Nunc
1968 2559 2245 2661 Lysimachum

209 2683 398 2782 probitatis
432 2705 471 2750 ac
507 2676 635 2760 studii,
669 2672 870 2752 doctrinae,
902 2669 1060 2762 pietatis,
1094 2690 1200 2760 qnam
1248 2665 1366 2750 mitto,
1392 2665 1429 2733 in
1446 2690 1516 2758 quo
1535 2663 1670 2736 Graeca
1686 2680 1737 2736 est
1750 2667 1954 2759 inscriptio,
1981 2671 2136 2739 delector
2150 2669 2245 2738 omi-

209 2791 313 2862 istinc
329 2788 374 2856 ad
389 2805 455 2852 nos
478 2779 613 2860 attulit,
639 2799 713 2845 non
727 2773 896 2843 mediocri
919 2771 1115 2842 accessione
1138 2791 1201 2838 au·
1247 2791 1312 2852 ne,
1338 2791 1416 2836 cnm
1434 2761 1502 2836 boc
1522 2780 1680 2858 tempore
1696 2762 1906 2862 λυσιμάχου
1922 2765 2130 2864 ,caecabor
2151 2772 2242 2840 ima-

210 2893 311 2966 xerit.
365 2883 580 2958 Audivimus
605 2875 788 2948 hominem
819 2889 879 2944 tna
903 2876 943 2943 in
967 2899 1003 2944 se
1031 2870 1200 2942 beneficia
1247 2864 1531 2959 gomibioblata
1549 2883 1610 2942 est.
1662 2865 1761 2939 Bene
1773 2872 1861 2955 vale,
1888 2871 2027 2946 V.ldus
2039 2869 2194 2945 Octobr.
2353 2859 2354 2866 ἵ

209 3017 311 3086 saepe
325 2983 582 3084 perhonorifice
598 2995 634 3051 et
651 3005 730 3050 cnm
746 2978 881 3070 prolixa
896 2977 1077 3057 mentione
1092 2973 1201 3064 grati·
1435 3008 1439 3017 κ
1867 3019 1871 3032 ,
1908 2985 2194 3065 PhssoMelanffi⁸

210 3095 345 3169 tudinis
362 3097 720 3162 commemorantem.¹
759 3080 879 3170 Quare
895 3104 969 3149 non
987 3077 1201 3160 dubitamus,

212 3223 293 3272 eum
309 3219 418 3292 porro
437 3191 541 3260 etiam
564 3211 629 3278 pro
647 3186 717 3255 tuis
733 3206 813 3272 erga
839 3182 956 3272 ipsum
972 3179 1108 3248 meritis
1126 3201 1200 3245 me·
1254 3172 1939 3221 -ᾠὲ-ω-κω-ψψ--Ἀ--..Μμ
1961 3213 2042 3222 Ἣ,
2070 3209 2248 3222 .,.,..,......

210 3323 346 3372 morem
359 3309 394 3364 et
410 3305 547 3381 gratum
563 3291 649 3371 sore,
672 3309 858 3377 precamur
872 3298 989 3354 autem
1005 3279 1120 3350 Deum
1136 3303 1201 3370 pa-

211 3417 301 3476 trem
322 3395 457 3469 domini
473 3391 587 3462 nostri
602 3387 683 3457 lesu
698 3383 851 3470 Christi,
877 3399 919 3454 ut
938 3397 971 3454 et
989 3396 1021 3451 te
1042 3385 1086 3452 ad
1102 3381 1201 3452 utili-

210 3519 319 3576 tatem
332 3497 510 3571 Ecclesiae
526 3515 609 3562 suae
631 3503 746 3558 servet
762 3489 998 3567 incolumem,
1020 3499 1055 3554 et
1069 3496 1200 3552 vestras
1705 3539 1711 3553 ‚

210 3603 385 3678 Ecclesias
397 3612 495 3689 regat
510 3621 549 3665 ac
564 3607 717 3665 tueatur:
744 3592 814 3674 ita,
840 3603 880 3659 nt
896 3587 1050 3658 vicissim
1066 3583 1201 3654 anobis
1509 3647 1512 3654 ,
1651 3533 1819 3617 Eldem·

211 3723 292 3780 vota
311 3731 375 3798 pro
398 3697 593 3771 nobislieri
609 3695 749 3768 scimus.
799 3690 898 3761 Bene
920 3690 1010 3760 vale.
1060 3686 1203 3759 Witte-
1318 3689 1937 3764 Epist.adcamerar.p.sttaquabona.
1954 3692 2000 3744 tv.
2022 3691 2161 3764 epum),

210 3813 337 3902 bergae
354 3805 461 3877 die..
479 3855 488 3876 .
504 3855 513 3875 .
532 3795 701 3869 Octobris
720 3792 829 3869 1545.

677 3901 684 3910 ’
824 3893 958 3987 Caspar
973 3889 1151 3983 Cruciger.

1247 3347 1442 3474 Q·
2087 3359 2231 3426 t't.Oat.

2069 3451 2243 3478 m

1250 3841 1408 3922 Clariss.
1420 3847 1537 3920 vireat
1547 3845 1879 3920 excellentiarum
1889 3859 1920 3920 et
1931 3846 2252 3948 eruditioneprae-

1278 3949 1356 4022 dito
1377 3947 1463 4022 Ioa
1474 3976 1489 4021 c
1499 3946 1524 4020 h
1536 3949 1624 4021 i‘mo
1643 3941 1765 4022 Cam.
1778 3945 1871 4027 Pat.
1886 3952 2082 4024 amicosne
2095 3955 2225 4026 cariss-

216 4117 552 4134 „„„„......-.-„„
572 4105 1202 4122 ·····-*“--“··“·’““””“““··-”·“
1253 4065 1298 4155 S·
1321 4087 1367 4161 D.
1413 4081 1511 4162 otte*
1532 4083 1680 4182 θερμὸν
1700 4083 1807 4184 t‘idtop
1830 4081 1987 4162 τοσόνδε
2008 4085 2128 4184 τεύχει
2151 4101 2250 4185 μαλε

281 4233 586 4340 (Mdanlhon
613 4228 734 4306 mm
769 4225 1144 4323 Winebergamu)
1254 4186 1360 4262 θακὰ
1373 4191 1476 4292 γυῖα,
1498 4187 1593 4262 κατὰ
1610 4185 1822 4285 Πίνδαρον,
1845 4185 2002 4274 dtr-ttae
2017 4196 2115 4264 ποιεῖ
2130 4190 2250 4268 πόνον
2353 4271 2354 4280 ,

1254 4288 1364 4388 ἡδὺν.
1417 4294 1476 4365 Sic
1491 4295 1564 4366 ille.
1614 4289 1691 4380 Ego
1709 4317 1811 4377 vero,
1839 4294 1903 4364 etsi
1916 4297 2040 4365 multis
2057 4299 2171 4366 saevis
2188 4323 2247 4368 cu-
2296 4364 2300 4372 .

1256 4397 1305 4464 ris
1320 4396 1517 4479 excrucior,
1541 4409 1658 4464 tamen
1678 4395 1883 4464 suavissime
1905 4399 2087 4489 acquiesco
2105 4424 2188 4469 cum
2209 4403 2248 4468 in

1257 4499 1479 4567 sermonibus
1501 4497 1571 4566 tuis
1589 4509 1622 4566 et
1642 4498 1896 4566 consuetudine
1920 4511 1997 4579 tna,
2021 4501 2158 4592 quoties
2177 4527 2250 4572 nna

1039 4565 1210 4683 Q
1257 4623 1397 4683 sumus,
1422 4611 1499 4668 tum
1518 4622 1603 4667 vero
1625 4597 1731 4668 etiam
1748 4598 1787 4667 in
1808 4600 2021 4687 cogitatione
2037 4614 2118 4671 tuae
2133 4604 2250 4675 virtu-

1257 4701 1322 4786 tis,
1348 4703 1450 4784 lidei,
1475 4713 1508 4768 et
1530 4699 1750 4790 prudentiae.
1800 4699 1873 4770 Nec
1897 4697 1988 4770 mihi
2012 4717 2151 4772 tantum
2176 4709 2249 4797 pri-

1257 4803 1365 4873 vatim
1382 4801 1571 4872 amicitiam
1588 4815 1684 4871 tuam
1702 4803 1870 4890 gratulor,
1891 4807 1951 4872 sed
1966 4801 2070 4897 Reip.
2085 4809 2250 4896 prodesse

286 4930 371 5004 Epist.
390 4926 423 4982 ad
443 4925 580 4978 Gamerae.
599 4939 624 4994 p.
639 4919 698 4975 580.
718 4918 774 4988 (et.
794 4919 879 4974 Lond.
900 4917 948 4973 tv.
969 4936 1013 4991 ep.
1026 4917 1109 4982 stu).
1257 4905 1441 4995 ingenium
1457 4917 1570 4988 tuum,
1595 4917 1630 4972 et
1642 4918 1859 4995 perspectam
1875 4928 1913 4974 ac
1930 4908 2115 4994 probatam
2132 4911 2249 4980 omni-

326 5089 332 5107 ,
380 5086 387 5105 ‚
491 5083 498 5100 ,
681 5077 718 5096 ,,
881 5073 888 5090 ,
1206 5073 1213 5092 ,
1256 5009 1323 5076 bns
1346 5006 1582 5096 integritatem
1598 5019 1695 5075 tuam
1715 5007 1861 5095 gaudeo.
1912 5004 2028 5076 Deum
2050 5009 2161 5100 igitur
2175 5037 2248 5095 oro,

219 5085 446 5164 Clarisstmo
462 5107 558 5166 vtro,
581 5074 783 5150 eradrtrone
800 5084 831 5145 et
852 5083 980 5144 virtute
1001 5083 1210 5172 praestante
1257 5123 1297 5179 ut
1319 5123 1352 5180 te
1374 5121 1488 5178 servet
1513 5123 1546 5179 et
1568 5109 1750 5198 gubernet·
1802 5105 1897 5177 Haec
1920 5109 2076 5180 breviter
2094 5137 2247 5183 comme·

260 5182 508 5264 1⁰⁰⁶b¹m⁰
533 5177 597 5257 Ca
607 5207 653 5256 m·
680 5175 775 5251 P⁰b⁰
800 5201 918 5247 ⁰m¹⁶⁰
944 5201 1012 5247 ⁸⁸⁰
1038 5201 1165 5251 mm·
1257 5213 1426 5280 morando
1452 5234 1525 5280 esse
1547 5209 1649 5292 duxi,
1675 5224 1714 5279 ut
1740 5211 1990 5299 responderem
2015 5215 2060 5282 ad
2085 5216 2247 5286 dulcissi-

218 5311 260 5404 S.
283 5327 328 5402 D.
379 5316 571 5394 Lalherus
601 5333 635 5390 et
665 5319 710 5389 ab
736 5316 857 5386 amicis
885 5328 1047 5404 rogatus,
1082 5328 1117 5384 et
1147 5337 1208 5382 sua
1258 5336 1350 5382 mam
1373 5313 1557 5406 epistolam
1579 5325 1696 5396 tuam,
1723 5310 1761 5378 in
1784 5335 1853 5404 qua
1876 5337 1992 5406 nuper
2012 5340 2092 5386 cum
2113 5318 2245 5388 ‚illustri

218 5445 344 5530 sponte
359 5429 505 5522 cupiens
523 5448 604 5496 suae
627 5421 777 5513 patriae,
805 5441 893 5511 quae
916 5427 1115 5486 nascentem
1135 5415 1210 5505 pri·
1259 5413 1512 5504 significatione
1534 5413 1801 5485 benevolentiae
1826 5428 1924 5500 tuae,
1952 5433 2096 5509 questus
2118 5445 2174 5506 es,
2194 5444 2245 5489 me

489 4742 638 4826 looeh.
673 4735 930 4826 Camerario.
