4670 5806
60 299 129 374 193
643 288 1088 372 EPISTOLABUM
1138 291 1246 370 LlB.
1271 291 1336 374 IX.
1389 291 1523 374 tect.
2023 293 2098 375 894

61 493 142 541 rem.
181 465 300 540 Mater
318 463 760 562 dubtset'd·›sperabunda
779 467 818 536 in
835 489 1054 560 agonemor·
1108 465 1251 552 damni,
1277 467 1336 536 sed
1360 481 1566 538 tamennon
1585 468 1797 540 nominatim
1811 479 1926 562 potest
1942 493 2022 541 eum
2037 494 2096 542 re-
2133 489 2137 500 ⁴

59 573 100 644 tis
129 572 290 640 sentiens
317 573 551 642 conscientiae
578 563 839 662 remorsum⁹),
873 581 1052 660 peccatum
1106 589 1249 636 movere
1266 593 1285 636 a
1302 569 1570 654 communione,
1595 571 1679 642 licet
1698 571 1801 656 sciat,
1826 595 1906 640 eum
1922 595 2021 641 reum
2038 595 2094 642 es-

58 673 254 746 confitetur.
308 669 439 742 Resad
455 671 644 762 collegium
653 665 919 762 Theologorum
937 671 1053 739 defer·
1105 690 1158 751 se,
1185 669 1357 762 quianon
1374 683 1416 740 ut
1438 671 1544 740 iudex
1559 666 1704 766 scit¹⁸),
1730 672 1791 741 sed
1806 685 1846 742 ut
1861 669 1971 747 Deus.
2021 670 2093 744 Sed

56 789 131 856 tur,
158 797 314 868 cumque
329 774 393 843 diu
411 774 553 844 deiure
574 772 830 862 ambigeretur,
853 771 951 842 utin
969 793 1051 842 casu
1104 770 1310 840 debetcum
1335 773 1544 856 admonere,
1569 797 1615 842 ne
1637 795 1674 842 se
1696 773 1849 862 ingerat,
1876 773 1958 867 quia
1976 797 2092 868 neque
2210 800 2213 806 ’

56 874 246 958 inusitato,
276 877 421 944 tandem
442 877 512 946 lata
537 873 711 944 sententia
735 881 802 958 e'st,
840 887 880 944 ut
900 873 1050 942 afflictae
1102 865 1264 942 Christus
1279 869 1403 942 ludam
1422 897 1443 942 a
1459 873 1708 944 communione
1723 874 1886 950 removit.

56 976 291 1047 conscientiae
307 976 427 1046 matris
445 976 688 1046 consuleretur
703 974 948 1058 absolutione,
973 973 1048 1042 filio
1202 971 1298 1042 Haec
1324 974 1390 1043 tibi
1413 974 1621 1066 simpliciter
1641 979 1819 1046 narranda
1839 977 1958 1069 potius
1982 999 2091 1070 quam

55 1089 169 1146 autern
207 1075 495 1164 matrimonium,
529 1078 600 1148 iam
629 1077 691 1147 diu
713 1076 956 1168 sponsalibus,
990 1097 1048 1144 so·
1100 1073 1311 1143 declaranda
1341 1076 1548 1146 existimavi.
1607 1075 1726 1166 Quam
1750 1091 1867 1148 autem
1896 1079 2090 1148 necessaria

56 1179 299 1248 lemnitatibus
320 1179 526 1268 nuptiarum
550 1179 747 1272 copulaque
767 1177 899 1246 carnali
916 1175 1045 1246 confir·
1099 1173 1205 1243 luerit
1225 1177 1439 1262 admonitio,
1459 1201 1500 1246 ex
1521 1179 1574 1248 rei
1591 1178 1835 1266 magnitudine
1857 1179 2009 1269 intelligi
2024 1203 2090 1269 po-

56 1293 209 1363 matum,
243 1280 504 1352 concederetur.
560 1277 732 1348 Probavit
752 1271 944 1347 Latherus
965 1301 1047 1347 sen·
1099 1289 1173 1346 test.
1226 1275 1346 1362 Quare
1364 1279 1470 1348 etiam
1492 1303 1566 1368 rem
1589 1280 1654 1350 tibi
1671 1279 1893 1368 cogitandam
1914 1281 2090 1374 relinquo.

55 1381 203 1450 tentiam
245 1393 279 1450 et
311 1379 527 1449 decisionem
557 1375 835 1469 Theologorum.
899 1377 1044 1448 Portam
1098 1374 1186 1444 Vale
1211 1377 1373 1450 feliciter.
1439 1376 1521 1454 Dat.
1553 1379 1829 1472 Wittenbergae
1860 1381 1979 1474 pridie
2007 1381 2089 1455 idus

56 1483 146 1552 euim
169 1479 425 1564 absolutionis,
457 1495 499 1551 ut
519 1494 604 1551 tuuc
627 1482 819 1565 vocabant,
858 1503 1042 1573 nunquam
1098 1473 1189 1547 Maii
1207 1501 1303 1548 anno
1321 1474 1486 1576 tow).

57 1583 208 1652 clausam
245 1603 318 1650 esse
350 1577 571 1680 oporte're²⁰)
602 1581 864 1673 peccatoribus,
903 1585 938 1652 eb
970 1579 1044 1672 falle
1277 1673 1282 1682 .
1785 1578 1880 1658 Phil.
1901 1582 2049 1659 Melan.

56 1684 130 1754 eluet
157 1683 192 1770 io
219 1682 276 1776 titi
299 1701 330 1752 ct
356 1683 456 1754 molle.
506 1681 683 1752 Laudavit
701 1683 804 1752 etiam
820 1705 895 1752 rem
917 1682 967 1751 ita
982 1706 1041 1752 oc·
1810 1695 1814 1702 '

56 1785 142 1854 culte
161 1785 258 1854 inter
272 1778 454 1873 theologos
468 1795 693 1856 transactam.
748 1781 818 1852 Hic
833 1795 953 1874 postea
967 1781 1043 1854 Lu-

57 1881 172 1954 therus
187 1883 318 1954 adiecit
334 1879 640 1969 adhortationem,
664 1885 919 1977 admonuitque
940 1879 1042 1954 theo·
1154 1963 1158 1969 ,

57 1987 149 2074 logos
170 1985 349 2065 iuniores,
384 1998 423 2054 ut
443 1999 543 2055 caute
564 1998 708 2074 agerent
733 2009 814 2055 curu
847 1985 1043 2076 portabatis
1095 1987 1285 2064 Nazllls.

56 2086 298 2172 conscientiis,
324 2109 371 2154 ne
392 2085 641 2156 confitentibus
662 2081 853 2180 peccata¹¹)
876 2086 1042 2178 laqueum
1097 2087 1307 2122 “st'‘
1868 2091 2080 2134 *ev-v

58 2187 259 2272 iniicerent,
281 2211 395 2280 neque
411 2187 640 2259 afflictionem
655 2189 795 2258 afflictis
809 2189 992 2260 adderent.

151 2287 265 2358 Visus
294 2303 346 2360 est
371 2301 489 2358 autem
508 2283 687 2360 Lutherus
711 2283 777 2358 hac
798 2289 874 2381 ipsa
893 2282 1041 2358 historia

58 2386 313 2483 reprehendere
343 2390 526 2458 cuiusdam
558 2384 713 2478 theologi
738 2390 855 2484 iniqui
878 2390 1041 2481 petulan-
1161 2395 1245 2471 Epist.
1259 2400 1292 2454 ad
1306 2399 1445 2456 caraem.
1458 2417 1486 2473 p.
1496 2400 1550 2456 111
1562 2420 1621 2474 sqq.
1636 2401 1690 2471 (st.
1703 2401 1790 2460 Mad.
1800 2401 1848 2458 tv.
1861 2421 1903 2476 ep.
1917 2402 1999 2472 111).

58 2495 133 2562 tiam
148 2495 188 2560 in
203 2486 362 2572 Kiithen,
388 2490 578 2560 indiverso
596 2515 691 2576 casu,
717 2515 822 2584 quem
836 2491 942 2560 etiam
960 2492 1041 2562 bre-

59 2595 151 2664 vibus
186 2592 310 2664 recito.
376 2589 502 2660 Pastor
539 2593 717 2684 quendam
754 2585 1042 2682 confitentem,¹²)

1367 2228 1515 2312 Ioncb.
1550 2215 1808 2316 Camerario.

1092 2547 1317 2626 Clarissimo
1338 2550 1417 2626 viro
1439 2551 1640 2629 eruditione
1660 2567 1692 2629 et
1720 2557 1849 2630 virtute
1875 2558 2087 2658 praestanti

1098 2651 1342 2728 Inachimo
1370 2647 1642 2730 Camerario
1672 2655 1901 2756 Pubergensi
1933 2655 2086 2734 Rectori

59 2692 727 2782 441144ῐῦ11]θάῐῃῆὅίῧὶηῑῑωάθωιῇ·
768 2687 1041 2764 K⁰¹h⁰n⁸issb
1193 2753 1303 2828 Acad
1335 2751 1511 2858 Lipsicae
1536 2760 1655 2832 amico
1679 2785 1747 2834 suo
1771 2761 1965 2836 carissimo

1299 2811 1310 2834 ο
1972 2818 1983 2852 2

59 2809 172 2879 natus,
197 2817 273 2862 nou
287 2787 407 2862 habita
422 2792 560 2862 ratione
574 2793 929 2878 circumstantiarum,
945 2793 1040 2886 apud

18 2971 20 2978 ¹
59 2893 182 2966 iudices
198 2893 389 2984 Lipsenses
407 2894 547 2987 quaerit
561 2895 605 2963 de
623 2893 710 2970 iure.
744 2891 944 2985 Lipsenses,
959 2917 1041 2966 casu
1091 2885 1137 2978 S.
1160 2905 1206 2980 1).
1257 2908 1388 3002 Magna
1412 2908 1504 2982 mihi
1529 2936 1610 2984 mm
1634 2911 1703 2987 hae
1724 2909 1904 2988 Fabiana
1924 2917 2083 2992 pragam

60 3001 143 3066 nude
157 2995 338 3066 intellecto
355 2995 474 3065 ferunt
490 2996 701 3066 sententiam
714 2994 840 3068 iudicii
857 2995 981 3088 capitis
990 2991 1042 3090 ⁸³).
1092 3003 1315 3082 familiaritas
1338 3027 1399 3088 aaa,
1450 3011 1541 3084 Nam
1563 3018 1790 3108 prudentiam
1806 3043 1846 3090 aa
1861 3019 2082 3110 diligentiam

59 3093 138 3167 Eam
157 3108 358 3190 exequatur
373 3091 589 3182 Kothenses,
621 3096 835 3180 decollantes
860 3097 1041 3170 miserum.
1093 3110 1169 3180 aim
1193 3111 1368 3204 cognitam
1391 3127 1426 3185 aa
1449 3129 1640 3208 mmmmm
1663 3113 1795 3206 haheo,
1828 3121 1912 3216 quia
1942 3135 2081 3194 nom„

59 3194 154 3268 Brevi
182 3211 282 3291 9⁰⁵¹,
307 3197 369 3266 ubl
390 3198 601 3288 palefflssltffll
625 3211 678 3268 ²⁸2
699 3199 880 3289 pmdllum
904 3193 1040 3268 11111103
1092 3211 1228 3282 litteras
1250 3214 1295 3284 ad
1310 3211 1447 3286 Ducem
1472 3210 1663 3288 Albcrlum
1686 3219 1827 3292 mittere
1849 3221 1956 3308 solet,
1981 3222 2082 3294 enim

60 3295 214 3384 Pastore,
238 3299 373 3368 iudices
388 3297 575 3388 Lipsenses
591 3297 810 3390 palinodiam
825 3297 1040 3384 cecinerunt,
1092 3313 1305 3384 liberalitate
1326 3316 1366 3385 ia
1383 3311 1574 3396 Academia
1597 3319 1717 3395 alima,
1776 3319 1886 3393 volui
1910 3347 1991 3394 ,um
2013 3323 2082 3396 aigi

61 3395 908 3497 114800414101111243111ἰηὶ11ῐῇῐῦ111Ἠ11118111111μ).
957 3397 1041 3472 Non
1093 3425 1236 3510 quoque
1258 3429 1385 3486 notum
1407 3441 1491 3494 esse,
1542 3417 1647 3492 Nunc
1672 3417 1867 3513 Augustam
1890 3424 2082 3516 proficisci..

59 3503 143 3572 enim
171 3499 308 3571 iudicio
331 3499 491 3569 criminis
516 3523 617 3570 reum
640 3523 741 3590 agere
763 3501 917 3594 aliquem
939 3525 1041 3594 posse
1092 3528 1162 3602 ma,
1177 3529 1219 3588 m
1233 3517 1333 3587 iliam
1351 3517 1565 3591 Gai-maniae
1578 3545 1677 3592 mam
1691 3524 1820 3598 videat,
1857 3523 1949 3595 cam
1963 3540 2082 3597 amam

60 3606 266 3672 sacerdolem
284 3625 324 3670 ex
346 3599 583 3684 confesslone,
606 3601 669 3670 ubl
688 3597 860 3698 solum¹⁸)
881 3603 1040 3673 remissio
1091 3609 1297 3690 Masculus
1310 3615 1400 3689 mihi
1421 3643 1543 3691 recens
1556 3605 1754 3714 scripserit,
1778 3619 1981 3696 Antonium
1998 3621 2082 3722 Hy.

60 3705 179 3789 peccati
198 3701 419 3792 impertitur,
445 3725 519 3771 non
535 3701 651 3791 agitur
667 3701 905 3774 ministerium
920 3703 1041 3794 gladii.
1089 3711 1271 3814 paraliam
1304 3743 1346 3790 aa
1378 3722 1469 3792 amba
1493 3719 1715 3796 flammai-am
1746 3749 1910 3816 magnam
1943 3742 2080 3819 partam

61 3799 106 3872 De
128 3831 168 3874 eo
192 3806 232 3873 in
249 3801 421 3876 Decretal.
443 3826 519 3895 cap.
542 3799 580 3871 εἰ
590 3795 762 3874 sacerdos
779 3815 844 3878 etc.
865 3805 910 3874 de
924 3804 1040 3876 officio
1094 3815 1316 3910 Graecarum
1341 3822 1584 3912 voluminum,
1616 3850 1770 3920 qaamm
1791 3829 1912 3899 vidisti
1938 3827 2082 3902 Gamla.

61 3901 176 3976 iudicis
201 3903 377 3976 ordinarii
394 3899 557 3977 habetur.
608 3901 726 3972 Verba
747 3917 846 3974 sunt:
873 3905 904 3974 si
927 3929 1041 3976 sacer-
1092 3941 1192 4008 gam,
1219 3919 1416 4008 Augustam
1440 3923 1597 4012 misiam,
1629 3921 1790 3996 hamam,
1818 3951 1897 3998 mm
1919 3923 2082 4000 Musca.

61 4005 116 4074 dos
135 4009 240 4092 sciat,
270 4005 425 4100 aliquem
447 4027 520 4075 esse
542 4027 608 4096 pro
631 4017 726 4077 certo
750 4029 849 4076 reum
871 4005 1041 4091 criminis,
1093 4017 1171 4090 lam
1178 4073 1189 4106 ‚
1213 4034 1255 4091 m
1279 4021 1337 4090 adi
1354 4026 1647 4095 commentarium
1673 4025 1712 4094 im
1726 4021 1973 4124 ampafiassgaa
1993 4030 2081 4102 Ριο.

61 4107 109 4175 vel
122 4109 150 4176 sl
167 4108 347 4180 consessus
362 4103 479 4189 luetll,
505 4118 539 4177 el
555 4106 743 4176 emendare
759 4107 930 4192 voluerii,
953 4106 1039 4198 (nlsl
1091 4121 1217 4195 lernaei
1241 4135 1359 4209 curet,
1385 4137 1420 4196 et
1439 4124 1470 4194 si
1493 4125 1581 4218 quid
1607 4139 1787 4219 praeterea
1811 4129 1972 4201 inveniet
1991 4132 2081 4202 insi.

63 4206 239 4280 iudiciario
263 4205 391 4278 ordine
411 4206 496 4325 quis
512 4205 663 4299 pmbare
676 4203 819 4326 possit),
840 4231 916 4327 qon
935 4209 1042 4280 debet
1092 4223 1215 4312 guium
1237 4237 1564 4298 monumentorum.
1620 4226 1661 4304 Si
1684 4229 1773 4301 libet
1805 4231 1914 4302 addes
1943 4233 2081 4329 aliquid

62 4329 131 4377 cum
151 4331 299 4401 arguere
323 4321 556 4393 nominatam,
587 4308 646 4376 sed
673 4309 965 4395 indeterminate,
991 4310 1040 4378 si·
1092 4323 1300 4399 litterarum,

62 4423 113 4479 mt
133 4411 251 4506 iuquit
266 4404 444 4480 Christus:
471 4433 564 4479 unus
586 4419 740 4478 vestrum
761 4433 819 4479 me
834 4411 1041 4502 proditurus
1193 4418 1413 4498 Laterensis
1433 4421 1689 4520 amplissimum
1709 4448 1953 4523 argumentum
1975 4437 2080 4508 nahia
2172 4465 2182 4488 .

63 4523 117 4626 cst.
140 4510 286 4631 'Se-df?
305 4510 383 4594 ille,
410 4510 467 4580 ⁰¹¹5
484 4512 654 4580 damnum
673 4509 812 4628 illalum
834 4523 903 4597 ⁰⁸22
928 4513 1039 4604 Pelle·
1092 4528 1295 4618 proposuit,
1310 4529 1354 4596 de
1370 4553 1441 4622 quo
1459 4531 1634 4620 cogitans,
1647 4533 1786 4604 facilius
1798 4535 1963 4606 volumen
1973 4563 2079 4632 quam

63 4623 104 4680 ut
138 4627 327 4698 tusltltattt,
365 4623 480 4705 polest
519 4633 821 4682 excommumcare
860 4626 1039 4684 auctorem
1091 4619 1204 4726 λόγον
1221 4623 1463 4704 ἐπιδεικτικὸν
1488 4623 1554 4703 hac
1577 4631 1704 4703 usitata
1729 4637 1842 4706 forma
1857 4640 1964 4708 condi
1978 4663 2080 4731 posse

1091 4725 1220 4802 iudico.
1271 4727 1342 4800 Sed
1358 4732 1518 4820 annitar,
1543 4746 1584 4806 ut
1595 4731 1732 4828 aliquid
1747 4749 1925 4821 estruem,
1950 4753 1990 4812 ut
2012 4739 2079 4812 tibi

1091 4851 1230 4898 morem·
1247 4851 1377 4920 geram.
1927 4833 1929 4838 ’

93 4914 124 5049 {g
136 4917 202 4974 coa.
218 4916 302 5052 ‘Goth
320 4919 517 5054 ΙἪὟΨἜ·
534 4995 560 5052 G
580 4996 607 5052 ὓ
633 4997 667 5053 w
1192 4925 1485 5005 Cohortationem
1509 4927 1747 5024 Almanam,
1771 4952 1806 5010 et
1828 4939 1973 5012 alteram
1995 4963 2081 5012 con-

95 5001 133 5148 n}
149 5017 217 5136 ⁰0th
230 5017 370 5142 affl
384 5017 539 5149 uma
561 5017 578 5051 ⁰
608 5034 617 5053 ·
665 5035 675 5054 ·
1092 5029 1230 5102 cionem
1250 5033 1294 5102 de
1317 5029 1456 5107 Ieiunio
1477 5035 1562 5126 legit
1574 5029 1785 5128 Laetam,
1809 5053 1845 5113 et
1868 5039 1971 5112 valde
1995 5063 2081 5138 pm-

95 5165 137 5231 11)
153 5169 243 5238 confit.
262 5167 324 5223 cod.
339 5165 422 5222 Goth.
437 5167 479 5224 19.
502 5184 559 5221 uon
578 5165 668 5222 babet.

94 5247 132 5318 ld)
148 5251 214 5306 Cod.
228 5251 313 5307 Goth.
330 5253 373 5308 19.
390 5253 528 5320 eapt'talt's.

95 5333 314 5399 coemam
328 5337 548 5408 esayam.
812 5349 823 5362 -
1126 5345 1667 5416 meaacmmenmemar.

94 5417 134 5490 15)
149 5419 312 5478 munet.
325 5419 368 5478 ts.
383 5424 457 5478 sota.
732 5499 736 5504 Ι
1126 5433 1171 5503 17)
1190 5431 1261 5492 cot.
1275 5433 1359 5492 Goth.
1376 5435 1417 5490 ts.
1438 5437 1545 5506 labeum
1566 5437 1650 5492 Vale.
1669 5436 1739 5492 teus
1753 5436 1821 5493 Harl·
1834 5435 1912 5502 1544.
1930 5437 2030 5502 lle-U.
