4754 5806
152 1301 156 1310 ·
216 1277 311 1372 quod
327 1276 510 1346 doctrinae
524 1273 752 1366 perspicuitas
768 1274 844 1344 sine
859 1299 979 1346 earum
996 1275 1201 1365 linguarum

206 193 256 270 86
793 182 1227 264 EPISTOLARUM
1276 191 1381 270 LlB.
1413 191 1477 273 tx.
1530 191 1660 273 rste.
2191 194 2241 268 36

211 389 292 438 rum
308 378 343 436 et
357 363 580 456 negotiorum
601 359 758 436 studium
773 355 865 432 mibi
876 373 978 432 tuum
992 361 1199 434 etbenero·
1249 363 1397 436 munos.
1437 363 1530 438 ἀλλὰ
1563 361 1637 439 dcl·
1660 359 1968 468 ovyreozonadeio
2007 360 2124 441 ἀύτὸν
2160 369 2240 448 τοῖς

211 465 358 538 lentiam
391 489 472 556 erga
503 489 560 536 me
586 485 713 554 magna
732 462 801 532 lide
823 462 1020 538 declarasti.
1078 461 1199 552 Quare
1250 461 1460 561 ἀτυχήμασι
1484 473 1553 542 τοῦ
1577 465 1768 563 ἄρχοντος.
1820 467 1921 540 Bona
1937 485 2062 542 natura
2078 483 2114 541 et
2128 471 2239 542 bene.

213 592 311 640 nunc
323 591 464 662 quoqne
480 579 514 636 te
528 589 605 651 oro,
631 578 671 636 ut
683 587 762 634 mea
778 587 881 634 causa
895 559 1085 636 Matthiam
1101 585 1199 634 com·
1249 568 1312 638 lica
1330 583 1382 640 est
1395 569 1498 640 istius
1510 571 1702 662 principis,
1727 584 1761 642 et
1776 571 1887 641 vicem
1902 569 1979 642 eius
1995 573 2110 648 doleo.

213 669 378 764 plectaris
392 681 427 740 et
439 667 594 740 adiuves.
645 663 689 736 ln
710 660 777 734 hac
795 689 834 736 re
853 659 1107 752 etIoccltimo
1121 657 1199 737 Co-

215 768 374 840 merario
405 767 672 860 gratificaberis,
712 768 775 860 qui
804 769 848 838 de
876 763 1134 838 te'honorilice
1165 781 1200 838 et

214 887 374 944 amanter
390 894 491 962 saepe
505 893 643 940 mecum
657 882 691 942 et
702 868 795 960 apud
818 869 907 940 alios
928 870 1059 940 amicos
1079 869 1200 963 loqui-

1349 701 1483 795 Scripsi
1495 715 1535 774 ut
1548 702 1704 785 voluisti,
1726 697 2056 792 adBatdasarcm,
2081 725 2121 774 ac
2134 703 2239 774 mitto

1249 803 1410 876 nondum
1425 805 1627 898 obsignatas
1640 830 1660 876 e
1684 806 1815 894 istolas,
1834 821 1876 879 ut
1888 805 1982 898 legas
1996 819 2031 878 et
2042 827 2118 876 eam
2133 829 2240 898 quam

1251 904 1374 996 scripsi
1403 902 1627 977 Baldcsaro
1677 905 1713 1002 ),
1760 922 1796 979 et
1842 908 1989 978 alteram
2032 907 2240 998 inscriptam

133 966 135 982 ⁸
215 989 285 1046 tur·
346 971 529 1042 P⁰⁸lreffl⁰
564 984 704 1060 l0P0l⁰2
748 972 846 1064 ‘iuml
879 971 1103 1042 V⁰¹l⁸⁵im¹²m
1137 983 1199 1051 ‘⁸²’
1250 999 1458 1078 Matthiae.
1507 1007 1631 1080 Mittes
1656 1007 1765 1100 igitur
1788 1010 1818 1079 si
1837 1009 2038 1094 videbitur,
2067 1019 2129 1078 out
2153 1008 2243 1076 scri·
2345 1029 2346 1032 ’

214 1073 366 1145 maxime
387 1097 407 1144 a
429 1069 627 1190 theologico
648 1071 774 1142 Ordine
798 1074 929 1190 luenda
960 1095 1033 1191 ⁰⁸⁸?
1060 1071 1201 1161 lingua·
1251 1110 1312 1178 bes
1328 1131 1406 1180 meo
1420 1109 1576 1192 nornine,
1602 1135 1690 1205 quas
1702 1112 1844 1204 putabis
1858 1131 1933 1181 esse
1946 1109 2111 1204 aptiores.
2141 1103 2242 1179 Bene

213 1200 294 1246 rum
318 1177 453 1260 studea,
484 1188 525 1246 ut
544 1174 749 1244 rudrcarunt
768 1185 872 1243 etiam
890 1187 1018 1246 vetustr
1038 1195 1201 1258 canones,
1251 1211 1340 1284 vale·
1366 1207 1430 1285 lx·
1444 1203 1551 1286 Febr·

216 1377 433 1468 cognitione,
464 1376 657 1470 inquibus
678 1377 793 1448 sontes
814 1390 917 1458 sunt,
956 1375 1105 1446 retineri
1124 1398 1202 1446 non

214 1492 340 1572 potest.
389 1477 503 1549 Vobis
530 1479 640 1568 igitur
657 1472 743 1548 hacc
764 1477 881 1547 studia
902 1477 1085 1549 excitanda
1107 1489 1202 1562 sunt,

216 1594 251 1652 et
272 1579 417 1652 fovendi
442 1580 671 1672 professores,
695 1579 898 1670 praesertim
918 1580 958 1648 in
977 1574 1044 1650 hac
1063 1591 1202 1670 tempo·

215 1706 298 1754 rum
319 1681 541 1764 difficultate,
580 1705 662 1750 cum
683 1705 703 1750 ε
725 1679 929 1772 potentibus
953 1675 1040 1751 baec
1063 1680 1201 1750 erudita
1262 1690 1328 1764 No,
1344 1690 1459 1768 2656,
2084 1706 2119 1770 9,
2141 1697 2231 1762 Febr,

215 1777 442 1878 philosophia
455 1781 674 1873 negligitur.
706 1778 826 1870 Quare
840 1781 946 1852 etiam
968 1795 1073 1876 atque
1095 1781 1201 1852 etiarn
1253 1789 1464 1822 Μ
2030 1834 2032 1848 .
2071 1786 2247 1819 ‘0⁹⁸‘

217 1899 253 1955 te
271 1908 354 1970 oro,
379 1897 420 1956 ut
440 1898 503 1956 tuo
527 1881 713 1971 suffragio,
736 1895 799 1954 tuo
820 1883 988 1966 consilio,
1019 1896 1081 1954 tua
1100 1895 1202 1953 auto-
1600 1873 1649 1960 F.
1676 1873 1887 1983 Myconio.

217 1985 322 2056 ritate
345 1985 522 2076 perficias,
550 1997 592 2055 ut
611 1978 809 2069 Matthiae,
839 1984 919 2054 viro
940 1983 1145 2054 doctissimo
1167 1994 1206 2053 et

215 2087 493 2174 modestissimo,
527 2086 651 2180 pensio
673 2085 737 2156 illa
756 2083 944 2172 reddatur,
974 2097 1010 2158 et
1030 2087 1076 2156 ad
1096 2079 1205 2156 huius

217 2188 357 2258 consilii
374 2187 571 2260 societatem
586 2187 757 2276 adiungas
778 2185 989 2258 clarissimos
1009 2187 1126 2272 viros,
1158 2182 1205 2257 D.
1260 2203 1529 2305 V5r00p11m0‚
1553 2203 1608 2284 1),
1622 2203 1874 2282 pridem
1897 2202 2144 2306 Mywm'o,
2167 2201 2247 2280 Pa.

219 2281 476 2376 Gerhardum,
518 2288 565 2362 D.
586 2277 797 2384 Carporum
831 2281 875 2360 V
869 2281 1084 2374 ottaodcm,
1129 2286 1206 2356 ³ffi·
1290 2308 1386 2380 stori
1399 2306 1590 2381 Ecclesiae
1605 2303 1839 2396 Gottltonoe,
1863 2311 1983 2383 omico
1997 2333 2066 2384 suo
2083 2307 2212 2386 cortes.

218 2415 300 2462 nem
324 2415 464 2478 meum,
495 2405 530 2462 et
545 2379 774 2460 Leonartum
795 2381 1024 2476 Fuchsium,
1053 2410 1207 2483 quorum

220 2515 355 2562 summa
382 2505 435 2564 est
458 2493 573 2564 virtus
596 2504 631 2562 et
653 2490 835 2566 autoritas.
895 2485 973 2582 Ego
995 2489 1150 2562 vicissim
1172 2499 1208 2556 ει

219 2593 287 2666 tibi
317 2607 352 2665 et
375 2593 561 2664 universae
582 2589 795 2664 Academiae
825 2603 960 2664 vestrae
985 2615 1065 2662 mea
1094 2588 1209 2660 officie

220 2717 359 2764 summa
374 2695 442 2766 lide
458 2709 493 2768 et
507 2693 730 2768 observantia
743 2693 875 2768 defero.
924 2690 1024 2764 Bene
1038 2693 1127 2765 vale.
1151 2690 1212 2762 die

221 2795 256 2871 8.
272 2793 376 2870 Febr.
704 2809 711 2830 ⁸

1810 1275 2000 1422 Philippus
2012 1321 2190 1400 noento.

1321 2049 1398 2110 Edita
1409 2070 1425 2108 r
1437 2049 1580 2125 Snegcssio
1596 2069 1638 2126 ep.
1651 2051 1694 2110 dd.
1790 2099 1805 2136 ,Ι
1843 2022 1847 2036 Ι

1256 2420 1302 2512 S.
1323 2437 1369 2518 l).
1419 2441 1554 2528 Hodie,
1578 2444 1628 2512 mi
1639 2441 1838 2534 Friderice,
1868 2445 1952 2517 inde
1967 2445 2245 2540 usquearnedia

1258 2768 1365 2844 pom,
1405 2746 1523 2817 virum
1552 2747 1748 2838 optimum,
1784 2747 2018 2824 Ratisbonam
2040 2747 2088 2844 ¹).
2155 2747 2247 2820 Mit-

1027 2963 1032 2975 ‘
1260 2947 1372 3019 Dabis
1394 2947 1504 3038 igitur
1521 2951 1661 3024 veniam
1683 2945 1861 3026 brevitati.
1953 2963 2077 3022 autum
2098 2975 2141 3024 eo
2165 2947 2249 3022 dedi

1261 3045 1353 3119 hanc
1367 3045 1564 3142 Epistolam
1581 3043 1761 3133 Portuno,
1785 3053 1868 3146 quia
1891 3049 2128 3122 inofficiosum
2151 3053 2249 3124 iudi-

221 3159 288 3232 No.
304 3159 417 3236 2635,
806 3157 810 3165 “
1055 3171 1089 3234 9.
1112 3160 1200 3230 Febr.
1262 3151 1529 3237 cabam‚.illum
1546 3151 1723 3224 dimittere
1738 3175 1882 3243 prorsus
1896 3151 1974 3224 sine
1996 3151 2119 3228 literis.
2168 3149 2249 3224 Du-

228 3253 400 3287 *ffl
1038 3253 1209 3285 *Μ
1262 3252 1349 3322 riter
1363 3253 1497 3338 servio,
1522 3266 1557 3323 et
1570 3275 1672 3344 saepe
1687 3255 1731 3322 cle
1745 3247 1827 3343 luga
1845 3253 1972 3346 cogito.
2020 3249 2070 3326 Et
2089 3253 2172 3335 aula
2192 3277 2248 3325 res

495 3339 643 3430 Ioach.
676 3337 938 3430 Camerario.
1262 3367 1416 3440 nostras,
1438 3365 1605 3444 occupata
1620 3353 1693 3424 suis
1707 3353 1868 3442 negotiis,
1891 3355 2018 3428 leviter
2030 3369 2140 3430 curat.
2176 3353 2250 3428 Sed

292 3517 579 3592 ιιιι
714 3515 1047 3590 ιιιι
1262 3449 2087 3652 ¹³¹³..
2100 3457 2251 3630 catat

226 3670 386 3750 Clariss.
408 3683 441 3746 et
461 3683 532 3773 opt,
558 3675 636 3746 ciro
659 3671 691 3746 Ι
695 3669 911 3748 oachim
937 3667 1214 3750 camerario
1263 3657 1392 3742 etlux,
1424 3670 1540 3730 servet
1561 3657 1775 3728 incolumem
1798 3656 1863 3730 diu
1883 3657 1923 3730 in
1939 3653 2094 3730 brevite
2106 3673 2253 3752 propter

408 3771 680 3872 Bambergensi
692 3776 810 3848 amico
824 3799 893 3849 sco
905 3775 1033 3848 coriss.
1262 3780 1363 3828 suam
1374 3753 1581 3832 Ecclesiam.
1631 3755 1728 3830 Bene
1745 3757 1837 3834 vale.

226 3889 271 3982 S·
296 3907 342 3982 D.
392 3905 505 3982 Dabis
519 3909 660 3980 veniam
676 3909 853 3984 brevitati.
897 3904 990 3980 Nam
1004 3907 1089 3978 inde
1102 3929 1214 4000 usqrre
1771 3885 1960 3986 Philipp&
1976 3885 2202 3968 Melanlbon·

228 4011 417 4084 ssecunda
430 4023 511 4104 post
523 4011 676 4082 mediam
692 4005 832 4098 noctem
845 4009 1108 4082 lucubrandum
1123 4003 1214 4077 mihi
1784 4059 1787 4064 .

226 4113 314 4200 luit,
338 4136 412 4182 non
427 4113 535 4182 modo
554 4124 595 4182 ut
610 4111 832 4203 Tubingensi
852 4111 986 4182 nuncio
1009 4111 1132 4182 darem
1153 4108 1215 4179 lit-

212 4203 336 4298 teras,
361 4214 423 4284 sed
451 4211 554 4286 etiam
573 4225 616 4284 ut
629 4209 897 4308 Hieronymum
910 4204 1063 4308 Nopum
1076 4207 1215 4313 magnis
1262 4233 1459 4312 Nmffigy·
1906 4237 1910 4244 ¹
2086 4252 2121 4318 9·
2140 4243 2231 4316 mn

226 4313 402 4387 fasciculis
423 4335 626 4399 onerarem,
655 4327 799 4386 euntem
817 4311 1070 4402 Noribergam,
1095 4333 1135 4382 ae
1151 4311 1216 4382 de-
1271 4323 1442 4364 m
2072 4335 2247 4368 -m

141 4437 144 4444 ·
228 4409 591 4500 iodeRatisbonom.
639 4411 836 4501 Conficior,
866 4413 919 4485 mi
939 4408 1134 4498 loachime‚
1161 4411 1216 4482 la·
1539 4415 1725 4504 Senatui
1751 4419 1981 4538 Nordung·

229 4519 395 4600 boribus,
419 4530 455 4588 et
474 4517 590 4588 servio
609 4539 699 4607 pene
719 4529 760 4588 ut
779 4515 819 4586 in
835 4527 938 4587 antro
950 4511 1133 4611 Cyclopis,
1158 4513 1215 4584 di-

231 4621 383 4690 cendum
398 4630 449 4688 est
465 4617 560 4698 enirn
575 4619 670 4709 apud
684 4629 719 4688 te
733 4617 827 4711 qnod
844 4615 977 4702 sentio,
999 4639 1040 4687 ec
1057 4637 1159 4707 saepe
1171 4615 1216 4684 de
1333 4587 2187 4743 fflfflnffiffl'effifflffiffiffifflffss
2205 4601 2255 4728 Ἣ

230 4721 312 4811 luge
337 4719 468 4810 cogito:
493 4719 553 4790 vix
574 4713 666 4788 mihi
685 4719 732 4790 ed
749 4719 893 4790 brevem
915 4715 1216 4810 precatiunculam
1367 4733 1516 4808 appendice
1529 4751 1575 4788 no.
1587 4731 1646 4789 cv.
2119 4707 2128 4728 '
2192 4709 2201 4737 ⁹

232 4837 368 4913 tempus
384 4820 552 4892 suffurari
566 4843 722 4912 possum.
769 4815 882 4892 Redit
894 4817 1046 4890 nuncius
1060 4817 1122 4888 ille
1140 4839 1217 4887 oon
1448 4828 1458 4838 ‘

230 4923 337 5016 plane
360 4920 477 4992 inanis
492 4913 551 5018 ⁴),
584 4921 652 4992 etsi
671 4915 934 5014 pulchritudini
962 4917 1097 5014 operis,
1133 4917 1220 4990 dili-

232 5024 369 5116 sentiae
395 5021 548 5110 autoris,
592 5035 626 5094 et
654 5022 799 5098 sumtib.
825 5045 902 5092 non
931 5021 1123 5114 respondet
1149 5013 1218 5090 hoc
1300 5019 1417 5147 *lime
1436 5017 1948 5162 ahffhffnfflpsffgnmfflam
1964 5021 2078 5095 ⁸9³⁸⁸⁰¹¹
2096 5025 2130 5082 td
2151 5043 2256 5082 annom

228 5189 437 5206 “···“·“““““
1305 5180 1331 5246 l)
1350 5175 1375 5230 lr
1387 5126 1480 5230 minse
1492 5173 1632 5228 Februarii
1647 5173 1787 5244 profectos
1800 5183 1840 5228 ert
1850 5172 2034 5232 Retisbonern.
2202 5217 2205 5224 ,

264 5267 578 5402 *Jlaetp‘liatdpirghloil‘ng
601 5269 728 5396 ⁸th
747 5267 859 5330 romu
877 5269 911 5328 sb
923 5267 1049 5330 Elector·
1059 5267 1220 5328 Μαι-ὠίου·
1301 5259 1464 5387 ''lividi‘'
1480 5257 1649 5332 Voglerum,
1672 5257 1729 5320 vid·
1750 5259 1828 5330 epist.
1846 5258 1881 5314 ed
1900 5257 2156 5335 Nordlingia'cesser
2182 5269 2208 5323 d.
2228 5269 2255 5325 d.

1259 2557 1361 2615 nocte
1376 2569 1523 2636 magnos
1534 2545 1718 2618 fasciculos
1736 2548 1919 2619 literarum
1940 2547 2076 2640 scripsi.
2127 2543 2248 2618 Mitti·
2352 2621 2353 2632 χ

1260 2669 1338 2716 mus
1355 2648 1450 2716 enim
1473 2661 1574 2718 tuum
1595 2661 1865 2719 conterraneum
1880 2643 2147 2744 Hieronymum
2162 2641 2246 2720 Νο-
2352 2643 2353 2660 ’

1262 2850 1370 2918 timus
1409 2843 1696 2948 Wolsgangcm
1726 2863 1883 2921 vestrum
1899 2846 1954 3024 ⁸²„
1968 2847 2247 2943 Norlingierum'.
2353 2887 2354 2928 ι
