4722 5808
77 285 160 355 797
222 228 224 234 ¹

89 453 163 526 No.
182 455 294 526 8226.

83 550 301 588 Q

933 453 987 534 (t.
1009 454 1055 534 t·)

908 541 1080 572 Μ

351 635 505 718 Ioacie.
540 631 801 720 Camerario.

150 794 234 876 Epist.
244 795 283 850 ad
300 795 439 850 Camerer.
455 815 482 867 p.
498 795 547 850 stt
562 815 603 868 sq.
615 795 676 886 led.
689 793 779 852 Lond.
794 791 841 848 lib.
857 791 905 850 tv,
921 809 966 864 ep.
977 791 1062 862 671.).

75 943 306 1022 Clarissima
332 951 410 1022 uiro
433 949 636 1024 eruditione
662 961 694 1022 et
719 951 848 1022 uirtute
871 948 1084 1047 praestanti

129 1048 373 1124 loaehima
399 1046 673 1126 Camerario
699 1047 792 1124 Pab.
819 1050 938 1122 amico
962 1076 1032 1123 suo

516 1181 645 1230 cartes.

75 1268 123 1358 S·
152 1287 198 1364 D.
250 1287 349 1359 Inter
378 1290 506 1360 decora
533 1289 658 1380 oppidi
679 1280 871 1358 Grimmae
895 1281 963 1357 hoc
989 1311 1079 1380 quo-

78 1416 149 1482 que
173 1405 356 1472 narratur,
395 1404 519 1460 natum
549 1391 601 1461 ibi
631 1414 705 1460 esse
728 1393 854 1460 ducem
876 1383 1079 1472 Albertum,

78 1497 183 1564 cuius
204 1492 354 1560 similem
375 1491 573 1584 principem
595 1491 624 1560 si
647 1516 743 1561 nunc
760 1487 954 1562 Germania
968 1485 1079 1558 habe-

77 1611 154 1680 ret,
188 1618 264 1664 non
286 1595 402 1663 solum
426 1607 674 1664 ornamentum
698 1595 760 1662 sed
782 1590 886 1686 ἕρκος
904 1585 968 1662 καὶ
988 1589 1078 1685 ἕρει-

79 1720 179 1788 σμα,
215 1710 254 1766 ut
271 1693 402 1766 Poo'tae
425 1691 540 1764 Duces
561 1717 706 1782 magnos
731 1693 936 1776 nominant,
968 1687 1076 1762 habe·

77 1823 212 1868 remus.
264 1792 317 1865 Ac
337 1795 525 1865 celebravit
545 1793 626 1865 Dux
642 1791 815 1864 filbertus
841 1789 908 1864 hoc
931 1817 1076 1884 prover-

76 1903 198 1971 bium:
230 1897 299 1966 sibi
321 1897 404 1990 quia
421 1894 605 1966 Grimmae
627 1911 731 1966 natus
746 1907 852 1980 esset,
884 1893 1076 1985 prolixiore

77 2026 205 2072 somno
239 2021 328 2088 opus
359 2022 454 2078 esse,
493 1997 578 2090 quia
606 1999 707 2088 pueri
733 1995 977 2067 Grimmenses
1005 1995 1077 2063 sint

77 2100 389 2172 somniculosiores
411 2100 546 2172 ceteris.
604 2095 773 2168 Arbitror
796 2097 906 2188 igitur
928 2107 1075 2166 naturae

77 2199 184 2272 Petri
196 2199 291 2272 hunc
306 2203 424 2270 locum
441 2223 516 2268 non
530 2199 621 2266 male
639 2223 842 2290 congruere.
894 2195 965 2268 Sed
979 2211 1074 2268 extra

79 2309 211 2376 iocum.
263 2299 340 2372 Oro
355 2299 471 2371 Deum
495 2314 534 2369 ut
552 2302 724 2389 gubernet
741 2314 774 2370 et
791 2297 859 2370 hoc
876 2297 1075 2381 consilium,

78 2423 112 2477 et
130 2409 241 2498 ipsam
257 2397 360 2472 Petri
374 2402 735 2482 administrationem,
769 2425 848 2471 cum
864 2401 951 2469 ludo
973 2423 1073 2490 prae-

76 2512 189 2579 sectns
203 2507 317 2576 luerit.
371 2503 504 2594 Scripsi
525 2504 571 2571 ad
593 2517 754 2572 senatum
778 2517 812 2572 et
833 2503 878 2570 ad
899 2514 1073 2591 pastorem

77 2608 277 2690 Ecclesiae,
313 2619 349 2675 et
372 2605 410 2672 in
432 2603 558 2674 litteris
574 2605 615 2672 ad
634 2617 793 2674 senatum
813 2603 968 2692 scriptis,
1000 2603 1074 2669 dixi

77 2714 146 2782 tibi
171 2733 312 2802 quoque
334 2707 543 2776 familiarem
566 2706 683 2778 fuisse.
737 2703 875 2773 Vellem
893 2717 927 2774 te
944 2703 1074 2794 episto-

77 2815 151 2882 lam
168 2813 258 2881 eiad
280 2823 454 2900 pastorem
469 2809 572 2892 dare,
598 2829 703 2898 quem
718 2806 790 2876 scio
805 2805 922 2874 virum
939 2805 1072 2873 bonum

78 2929 113 2984 et
137 2939 212 2984 non
237 2933 417 2984 morosum
443 2931 534 2987 esse,
577 2930 618 2976 ac
643 2907 880 2976 indicaturum
905 2917 982 2975 tuas
1005 2904 1071 2974 sibi

77 3018 214 3086 litteras
230 3025 439 3084 ornamento
456 3031 530 3078 esse
545 3010 639 3098 apud
655 3031 747 3078 suos.

182 3115 344 3187 Tandem
366 3111 471 3180 rediit
485 3102 697 3204 Staphylus
718 3133 759 3180 ac
774 3109 959 3200 epistolam
976 3121 1072 3178 tuam

76 3219 252 3300 reddidit,
277 3215 397 3306 inqua
417 3197 511 3282 tua'm
522 3199 571 3278 'de
587 3205 718 3278 Sciuro
734 3233 796 3280 seu
814 3211 1072 3302 dubitationem

78 3345 141 3391 seu
156 3313 293 3410 ἐποχὴν
311 3313 477 3385 mirabar.
528 3308 695 3404 Colloqui
717 3311 827 3399 igitur
840 3335 978 3382 necesse
994 3313 1071 3384 erit.

77 3421 155 3492 lam
178 3421 284 3490 etiam
304 3415 405 3485 vobis
421 3411 691 3482 deliberandum
708 3413 776 3482 erit
791 3437 896 3506 quem
912 3407 1075 3508 Giganti

78 3542 312 3592 successorem
341 3514 460 3586 daturi
485 3513 571 3584 sitis.
634 3509 732 3582 Bene
753 3513 831 3584 vale
855 3528 889 3585 et
909 3515 1071 3586 rescribe.

76 3623 189 3692 Volui
219 3629 490 3690 monumentum
520 3607 628 3684 Helii
661 3615 731 3684 tuis
764 3615 894 3690 versib.
927 3613 1072 3686 Graecis

76 3723 284 3818 praesertim
309 3717 442 3789 ornari.
508 3712 629 3803 Quare
658 3715 779 3785 tabula
803 3717 848 3786 ad
872 3717 1071 3808 sepulcrum

76 3849 245 3918 suspensa
263 3833 329 3905 est,
363 3841 452 3912 quae
468 3815 624 3886 continet
638 3830 718 3886 tuos
732 3839 853 3888 versus
873 3812 939 3888 hac
960 3818 1073 3889 editos

76 3929 210 4009 forma,
233 3946 339 4020 quam
352 3915 418 3991 hae
432 3917 589 4010 pagellae
602 3920 813 4004 ostendunt,
832 3943 919 4010 quas
933 3919 1046 3990 mitto.

660 4014 756 4094 Phil.
783 4015 958 4091 Melanth.

88 4391 155 4462 No.
169 4385 286 4459 3227.

81 4485 294 4522 Μ

939 4385 1071 4506 Q

438 4569 485 4657 S.
510 4572 719 4660 Muluero.
792 4641 798 4652 .

133 4747 163 4818 a,
181 4748 219 4802 m
238 4765 331 4870 apg„
349 4745 453 4801 enatet.
471 4745 554 4802 uss
572 4746 644 4801 east.
667 4735 804 4804 paruam
817 4745 965 4804 amnem
977 4745 1070 4804 steo-

179 4819 235 4889 log·
282 4836 309 4870 ο.
324 4813 521 4890 Deccthtt.
539 4815 618 4870 Folio
632 4815 696 4886 267.

74 4970 345 5048 Honestissima
367 4969 447 5041 uiro
469 4978 502 5039 et
524 4967 671 5065 egregia
691 4959 888 5066 prudentia
901 4965 1071 5066 praedito

73 5075 127 5148 D.
144 5072 433 5148 Sebastiano
455 5067 515 5141 M
518 5069 653 5142 utrm
678 5068 853 5143 Senatori
869 5067 1070 5172 Manssel-

395 5171 521 5262 densi,
542 5171 661 5243 amieo
675 5197 753 5243 suo.

72 5295 116 5384 S.
134 5311 181 5386 D.
224 5307 478 5378 Honestissime
488 5303 643 5376 Domine
653 5297 889 5392 Sebastiano,
907 5319 942 5375 et
956 5305 1067 5376 amice

72 5409 299 5482 Charissime.
350 5405 551 5504 Aliquoties
571 5422 606 5479 et
627 5407 718 5477 filios
739 5421 873 5480 vestros
893 5422 1065 5479 eteorum
1091 5461 1093 5482 2

665 270 1105 352 EPISTOLARUM
1158 269 1355 350 Ltutx.
1409 271 1554 366 1545.Ι

2054 273 2129 346 798

1133 444 1402 512 contubernales
1422 443 1638 534 interrogavi
1655 445 1694 514 in
1708 445 2005 537 praelectionibus
2024 447 2128 532 meis3

1132 545 1184 614 ibi
1214 545 1262 615 ita
1293 547 1430 615 erudite
1454 548 1729 638 responderunt,
1770 561 1809 618 ut
1841 550 2037 638 intelligam
2069 571 2128 616 eos

1131 647 1254 738 primis
1278 647 1462 734 literarum
1486 648 1657 734 exordiis,
1689 647 1969 731 Grammaticae‚
2007 647 2129 718 Diale-

1131 749 1237 817 cticae
1261 763 1295 818 et
1319 749 1503 818 doctrinae
1519 743 1743 820 Christianae
1762 751 1852 819 bene
1869 752 2025 822 excultos
2042 773 2125 823 esse.

1129 848 1235 919 Nunc
1249 873 1333 920 vero
1351 851 1513 920 etlilium
1532 865 1686 921 vestrum
1702 846 1903 944 Georgium
1927 855 1970 922 ad
1988 875 2127 926 mevu-

1130 951 1224 1033 cavi,
1256 975 1296 1020 ac
1324 954 1368 1020 de
1391 951 1516 1020 ordine
1533 953 1813 1044 praelectionum
1828 955 2021 1024 sciscitatus
2037 976 2127 1026 sum.

1128 1049 1273 1120 Publice
1305 1065 1443 1122 tantum
1475 1048 1539 1122 has
1570 1067 1640 1122 tres
1671 1055 1841 1140 audiunt,
1882 1053 2127 1140 Dialectieam,

1130 1149 1302 1221 Graecam
1328 1150 1605 1223 Grammaticam
1626 1168 1660 1224 et
1681 1151 1846 1228 Ethicen.
1898 1155 2007 1227 Domi
2029 1155 2153 1229 diss,
2204 1244 2207 1250 Δ

1128 1255 1285 1323 ciliorem
1313 1268 1478 1345 repetunt
1501 1268 1534 1324 et
1559 1269 1720 1326 exercent
1743 1256 1895 1352 Stylum.
1946 1255 2039 1327 Iussi
2062 1281 2127 1326 au-

1128 1368 1197 1423 tem
1213 1351 1348 1424 etmihi
1365 1351 1523 1425 exhiberi
1539 1359 1686 1448 scripta,
1708 1372 1748 1428 ut
1762 1361 1806 1427 de
1821 1359 1935 1428 forma
1953 1357 2126 1430 orationis

1129 1480 1251 1526 curram
1269 1457 1442 1539 iudicem,
1469 1471 1503 1528 et
1520 1481 1634 1526 meam
1652 1459 1701 1527 eis
1716 1461 1926 1532 sententiam
1941 1483 2127 1552 exponam.

1130 1555 1200 1626 Hic
1228 1560 1316 1626 ordo
1344 1559 1543 1627 studiorum
1575 1555 1691 1629 adhuc
1719 1562 1863 1652 quidem
1888 1555 1979 1628 mihi
2002 1561 2127 1652 placet·

1130 1656 1202 1726 Nec
1225 1659 1345 1728 iudico
1366 1683 1424 1728 eos
1440 1659 1592 1729 nimium
1607 1663 1758 1730 onerari.
1810 1660 2005 1731 Servantur
2020 1663 2127 1732 etiam

1129 1759 1256 1828 idonea
1274 1761 1391 1828 somni
1405 1777 1573 1850 tempora.
1626 1759 1746 1848 Quare
1763 1785 1858 1834 nunc
1874 1759 1966 1830 nihil
1982 1777 2126 1833 mutan·
2246 1801 2251 1808 ,

1129 1857 1214 1929 dum
1231 1885 1304 1930 esse
1320 1886 1463 1945 censeo,
1496 1865 1557 1944 sed
1581 1885 1642 1930 ero
1659 1863 1838 1954 inspector
1855 1863 2019 1956 deinceps
2035 1887 2127 1956 quo-

1129 1985 1217 2054 quc,
1251 1959 1285 2030 ot
1310 1963 1339 2029 si
1363 1964 1449 2056 quid
1470 1963 1635 2032 iudicabo
1657 1967 1868 2033 mutandum
1893 1987 1982 2048 esse,
2009 1988 2126 2032 meam

1128 2063 1215 2152 ipsis
1231 2063 1437 2134 sententiam
1455 2087 1638 2154 exponam.
1680 2063 1763 2134 Non
1779 2065 1908 2154 opinor
1926 2066 2032 2135 nobis
2050 2067 2126 2134 dis·

1128 2164 1259 2254 plicere
1305 2167 1401 2256 quod
1440 2163 1619 2256 Graecam¹
1653 2162 1930 2235 Grammaticam
1971 2167 2124 2238 discunt.

1128 2262 1218 2332 Nam
1236 2265 1311 2334 sine
1326 2290 1364 2332 ca
1382 2266 1503 2354 lingua
1518 2289 1582 2334 nec
1599 2267 1708 2336 latina
1726 2277 1819 2335 recte
1842 2267 1976 2356 percipi
1999 2281 2125 2358 potest,

1128 2361 1339 2436 Oro'autem
1355 2364 1470 2436 Deum
1489 2381 1670 2436 aeternum
1687 2367 1828 2437 Patrem
1847 2365 1996 2436 Domini
2012 2368 2125 2442 nostri

1129 2465 1206 2536 lesu
1222 2463 1376 2551 Christi,
1409 2482 1450 2536 ut
1473 2469 1564 2537 filios
1586 2467 1720 2538 vestros
1742 2481 1857 2537 servet
1879 2469 2076 2538 incolumes
2091 2483 2126 2539 et

1127 2581 1234 2656 regat.
1284 2566 1381 2636 Bene
1397 2570 1522 2644 valete.
1574 2566 1643 2639 Die
1657 2570 1719 2638 20.
1737 2569 1819 2638 lulii
1836 2593 1930 2637 anno
1952 2565 2061 2643 1545.

1155 2721 1164 2730 -
1671 2667 1859 2762 Philippus
1875 2668 2011 2744 Melan.

1126 3050 1331 3152 Nesaee.

1131 3147 1304 3176 w

1774 3057 1777 3062 ’
1813 3060 1895 3140 (fere
1915 3061 1944 3122 d.
1967 3063 2024 3128 24.
2042 3057 2125 3144 lut.)

1835 3153 2103 3191 w

1438 3249 1493 3336 N.
1522 3248 1803 3360 Amsdarfio.

1194 3427 1215 3488 †
1239 3421 1278 3476 Ex
1295 3439 1347 3493 apo
1381 3421 1451 3495 ephe
1468 3423 1497 3477 in
1517 3423 1582 3480 cod.
1601 3425 1713 3482 Monac.
1732 3427 1776 3482 88.
1801 3446 1848 3487 no.
1868 3427 1918 3489 lV.
1942 3447 1970 3500 p.
1990 3427 2070 3482 llssb.
2091 3453 2123 3470 -

1229 3491 1343 3564 Discipu
1356 3509 1373 3546 ο
1385 3509 1401 3546 ι
1412 3491 1591 3548 Melanthum
1606 3495 1773 3568 praescripta
1786 3507 1835 3554 est.

1321 3635 1391 3738 (N.
1417 3613 1571 3736 Mlad
1592 3638 1929 3744 Amsdarsium.

1124 3754 1169 3844 S.
1195 3771 1241 3848 D.
1299 3773 1608 3847 Reverendissime
1631 3780 1775 3850 domine
1806 3794 1841 3852 et
1862 3797 2011 3874 patrone
2039 3779 2123 3852 cha-
2204 3776 2212 3784 ’

1125 3876 1274 3948 rissime.
1324 3873 1402 3946 Etsi
1424 3879 1576 3948 maxime
1594 3880 1779 3972 cupiebam
1796 3887 2031 3954 reverendum
2047 3881 2123 3954 Do·

1125 3977 1263 4047 minum
1285 3971 1331 4052 D.
1350 3969 1558 4050 lutherum
1583 3982 1625 4050 ad
1652 3995 1686 4052 te
1709 3983 1988 4074 proficiscentem
2011 3985 2124 4054 comi-

1124 4078 1213 4164 tari,
1247 4073 1341 4148 nihil
1362 4080 1458 4149 enim
1480 4081 1584 4150 video
1607 4081 1796 4168 libentius,
1829 4111 1937 4178 quam
1960 4110 2024 4156 nos
2049 4110 2122 4156 rana

1124 4179 1371 4273 syncerissimo
1387 4183 1493 4252 corde
1507 4183 1552 4252 de
1568 4183 1674 4253 rebus
1691 4185 1853 4256 maximis
1870 4190 2125 4280 colloquentes,

1125 4293 1243 4350 tamen
1263 4281 1340 4359 sine
1362 4283 1445 4352 dato
1467 4295 1529 4352 tuo
1550 4307 1624 4352 non
1647 4285 1819 4357 libentius
1844 4283 1929 4358 hinc
1954 4290 2154 4380 expatior,·

1125 4383 1239 4452 mansi
1256 4383 1384 4471 potius'.
1434 4381 1537 4454 Hauc
1559 4409 1642 4454 vero
1661 4383 1846 4476 epistolam
1864 4391 1947 4458 dedi
1966 4389 2010 4462 D.
2025 4381 2122 4460 Cru-

1126 4477 1312 4578 cigero*),
1344 4497 1384 4553 ut
1402 4507 1515 4554 meam
1539 4485 1607 4556 tibi
1627 4487 1864 4558 assiduitatem
1881 4491 1919 4558 in
1934 4493 2121 4562 scribendo

1125 4588 1169 4652 ad
1184 4597 1218 4654 te
1237 4585 1464 4656 declararem.
1516 4581 1607 4656 Cum
1623 4589 1772 4658 enimte
1787 4604 1826 4660 ut
1841 4606 2022 4682 parentem
2038 4615 2122 4662 vera

1124 4686 1253 4774 pietate
1270 4687 1459 4758 colendum
1476 4708 1548 4756 esse
1563 4689 1689 4774 sciam,
1716 4703 1749 4760 et
1763 4705 1796 4760 tc
1810 4716 1894 4778 varo
1911 4709 2049 4784 pectore
2065 4695 2122 4760 di·

1124 4786 1249 4875 ligam,
1274 4811 1413 4879 semper
1426 4787 1601 4860 voluntati
1617 4805 1696 4862 tuae
1713 4815 1847 4862 morem
1865 4815 1985 4884 gerere
2005 4795 2123 4886 cupio.

1221 4886 1322 4958 Nova
1344 4903 1483 4971 autem,
1516 4915 1606 4984 quae
1627 4887 1686 4962 hic
1707 4893 1890 4980 seruntur,
1932 4919 2121 4986 cognosces

1123 5013 1164 5058 ex
1186 4983 1243 5058 his
1265 4991 1335 5062 tuis
1360 4986 1578 5084 hospitibus,
1611 4994 1740 5086 quibus
1767 4998 1967 5088 respublica
1992 4995 2120 5068 melius

1134 5196 1341 5208 m

1156 5296 1185 5364 *l
1205 5297 1392 5354 proficiscenti
1412 5301 1445 5355 ad
1459 5299 1646 5356 Amsdorfium
1664 5303 1693 5356 in
1714 5321 1793 5360 musa
1809 5303 1928 5358 Medleri
1949 5323 2011 5360 carn
2026 5309 2120 5364 Mora.

1189 5368 1261 5490 dErgqo
1274 5368 1388 5492 Ascripta
1410 5379 1450 5424 est
1472 5389 1514 5442 ep.
1535 5381 1649 5426 meante
1669 5371 1751 5430 lulio.
1800 5373 1860 5431 Vld.
1880 5373 1957 5445 epist.
1977 5375 2119 5450 Cracigeri

1209 5475 1216 5491 .
1252 5475 1259 5490 .
1302 5456 1345 5509 ug.
