4704 5804
228 245 414 345 aex,

816 232 1256 312 EPISTOLARUM
1308 241 1504 322 LlB.lX.
1558 243 1695 322 1544.

230 441 276 488 ne
293 413 360 486 hoe
373 417 501 505 dogma
517 412 711 483 absurdum
727 411 860 504 populo
877 423 1102 506 proponeret.
1136 407 1224 480 Mox
1275 405 1502 487 Clarissimo
1526 415 1604 488 viro
1627 413 1830 489 eruditione
1858 427 1890 488 et
1914 418 2044 490 virtute

1479 77 1491 110 N

2199 249 2274 322 eea
2311 349 2312 352 Ν

2064 421 2276 540 praestanti

232 521 294 590 ille
318 519 357 587 in
380 515 476 588 Aula
496 539 553 585 me
575 526 732 599 accusat3
758 508 977 584 habetenim
998 515 1224 608 quorundam
1275 513 1303 586 I
1310 513 1525 590 oachimo
1564 509 1841 591 Camerario
1879 515 2107 618 Pabergense
2156 521 2276 593 amico
2311 515 2312 584 l

233 621 350 694 studia
380 632 525 713 propter
550 615 723 688 maledica
749 617 924 707 poe'mata.
987 615 1119 687 Missae
1143 627 1226 684 sunt

234 717 325 794 mihi
350 723 425 792 eius
450 719 735 812 Propositiones,
771 721 833 788 sed
859 720 1021 790 nondum
1045 717 1225 810 respondi.

235 927 392 998 Tantum
416 936 534 994 autem
555 923 589 994 ei
611 924 801 1010 tribuitur,
827 937 869 995 ut
892 949 989 993 nunc
1005 925 1043 993 in
1059 920 1228 993 Conven-

234 1045 311 1100 tum
326 1029 540 1112 abducatur,
562 1025 903 1126 xmerelicto‚credo
925 1028 1019 1120 quod
1044 1021 1226 1094 hominem

235 1134 402 1201 audacem
415 1141 541 1221 putent
556 1131 811 1219 opponendum
826 1151 898 1197 esse
915 1127 976 1214 iis,
992 1128 1055 1222 qui
1071 1127 1227 1196 moliun-

235 1249 294 1304 tur
310 1222 636 1325 conciliationes*).

335 1332 405 1406 Sed
420 1334 577 1426 proiecto
592 1333 766 1402 nonsatis
782 1345 850 1414 est,
873 1321 1104 1412 ἀπαιδεύτως
1118 1329 1229 1426 βοᾶν.

235 1430 333 1506 Mihi
353 1449 473 1504 tamen
497 1447 636 1526 gratum
664 1449 734 1519 est,
759 1433 965 1526 praesertim
985 1435 1030 1504 ab
1051 1429 1229 1504 hocCon-

235 1551 344 1608 ventu
359 1539 498 1618 abesse,
524 1561 631 1630 quem
652 1537 755 1606 video
777 1537 883 1626 longe
906 1537 1018 1626 magis
1040 1535 1228 1605 turbulen-

236 1653 311 1710 tum
328 1641 405 1709 lore
424 1638 679 1730 superioribus.
730 1635 847 1710 Deum
869 1662 1028 1722 oremus,
1054 1651 1094 1707 ut
1117 1637 1229 1706 exitus

236 1741 281 1812 sit
302 1741 473 1832 placidus.

338 1840 446 1914 Mitto
462 1838 647 1912 historiam
664 1838 926 1929 Hungaricam,
950 1865 1040 1934 quae
1061 1839 1230 1921 ostendit,

237 1945 422 2014 ruentibus
435 1942 595 2035 Rebusp.
610 1942 760 2032 grassari
776 1942 905 2028 lorias,
932 1956 966 2012 et
981 1943 1108 2012 amisso
1124 1964 1228 2011 sensu

237 2047 476 2117 calamitatum
498 2040 663 2115 homines
685 2044 866 2115 cumulare
890 2045 1038 2130 seelera,
1060 2057 1101 2115 ut
1122 2044 1229 2114 fiebat

237 2149 276 2217 in
296 2147 432 2219 excidio
456 2145 704 2241 lerosolymae.
755 2142 968 2237 Exemplum
987 2161 1118 2217 metuo.
1169 2145 1228 2216 si-

215 2299 221 2310 .
236 2251 336 2319 milia
353 2251 449 2320 enim
465 2239 683 2334 acciderent,
708 2247 793 2316 siin
809 2245 1003 2319 Germania
1020 2249 1154 2318 bellum
1177 2248 1228 2316 ci-

227 2353 308 2421 ·vile
332 2353 505 2433 oriretur,
532 2353 627 2445 quod
649 2364 690 2421 ut
712 2348 808 2420 Deus
821 2348 927 2421 Pater
945 2349 1093 2422 Domini
1113 2349 1227 2419 nostri

237 2451 318 2524 Iesu
333 2449 467 2524 Christi
484 2467 639 2538 avertat,
665 2453 873 2524 ardentibus
889 2455 979 2522 votis
995 2477 1190 2546 precemur.

336 2551 434 2624 Mihi
455 2579 577 2625 reeens
599 2579 640 2624 ex
662 2557 816 2646 quadam
842 2557 940 2641 aula,
980 2577 1053 2625 non
1082 2576 1228 2646 prorsus

236 2657 358 2746 ignara
374 2657 602 2747 negociorum
613 2647 750 2726 Caroli
762 2655 850 2748 Imp.
869 2659 1037 2750 scriptum
1057 2667 1127 2740 est,
1151 2655 1228 2747 pla-

235 2781 282 2828 ne
301 2753 418 2829 adhuc
438 2749 574 2829 Caroli
601 2759 813 2828 sententiam
843 2783 936 2844 esse,
967 2784 1012 2828 ne
1043 2770 1228 2827 moveatur

238 2855 442 2934 Germania.
495 2859 603 2951 Quod
622 2861 651 2930 si
668 2885 794 2931 verum
811 2875 878 2946 est,
904 2861 1083 2951 singulare
1105 2873 1139 2930 et
1152 2884 1229 2928 ma-

234 2983 344 3050 gnum
358 2961 426 3033 Dei
450 2964 661 3035 beneficium
684 2977 754 3046 est,
779 2965 938 3035 animum
962 2961 1052 3056 Imp.
1075 2975 1127 3032 tot
1143 2961 1228 3030 irri-

234 3077 347 3134 tatum
379 3067 512 3152 modis,
564 3080 682 3138 tamen
712 3067 757 3136 ab
788 3067 931 3158 optimis
965 3065 1122 3136 consiliis
1153 3087 1226 3132 non

232 3167 355 3239 averti.

231 3299 237 3308 ’
335 3266 444 3338 Mitto
460 3282 495 3338 et
507 3269 653 3340 alteram
670 3269 842 3362 pagellam
857 3269 915 3361 pie
930 3271 1108 3362 scriptam.
1157 3266 1228 3338 Sed

235 3370 373 3438 utinam
400 3371 501 3440 aulae
522 3371 615 3442 serio
636 3395 758 3463 pacem
781 3384 1002 3463 expeterent,
1027 3386 1120 3442 certe
1140 3370 1227 3462 ipsis

235 3471 364 3562 magis,
405 3497 514 3567 quam
543 3473 677 3565 populo
711 3473 954 3543 neeessariam.
1011 3471 1109 3542 Bene
1137 3473 1226 3544 vale.

235 3568 303 3644 Die
320 3573 379 3648 18.
396 3572 554 3647 Ianuarii
570 3572 681 3647 1544.

1279 3135 1346 3210 No.
1361 3131 1473 3207 2851.

1666 647 1733 694 sao
1753 622 1881 694 carisa.

397 823 406 840 .
491 823 500 839 .
823 821 831 837 .
970 821 978 837 .
1094 821 1131 838 ,,
1275 733 1320 825 S.
1338 755 1384 830 D.
1435 755 1551 828 Deum
1567 783 1651 844 oro,
1676 761 1717 829 ut
1733 774 1874 830 nostros
1891 759 2030 830 labores
2049 774 2145 848 regat
2160 775 2196 830 et
2212 761 2275 830 ad-

233 824 316 904 Non
349 847 445 894 enam
473 823 581 902 hbet,
623 846 704 892 cum
734 816 880 892 homene
909 822 1044 892 fumoso
1077 822 1226 909 litigare.
1278 859 1287 874 ·

1277 873 1375 929 ruvet
1400 861 1439 928 in
1455 859 1691 929 adolescentia
1709 861 1915 932 erudienda.
1965 857 2273 956 Saarcebergiam

1279 963 1421 1054 quidem
1439 962 1559 1032 iudico
1577 957 1717 1032 homini
1733 964 1862 1034 idoneo
1878 965 2164 1035 commendatum
2190 989 2275 1048 esse,

1278 1059 1501 1134 Sebastiano
1532 1055 1702 1150 Franco,
1745 1066 1845 1136 cuius
1872 1065 1940 1135 tihi
1971 1065 2074 1135 mitto
2102 1063 2277 1156 Elegiam‚

1278 1190 1354 1236 non
1366 1180 1408 1236 ut
1423 1167 1507 1235 inde
1525 1166 1708 1256 ingenium
1734 1168 1913 1251 aestimes,
1936 1161 2045 1237 habet
2068 1168 2163 1236 enim
2187 1169 2275 1236 alias

1280 1272 1500 1359 venustipres
1526 1269 1626 1338 dotes
1654 1268 1808 1358 ingenii,
1831 1293 1948 1362 ⁸quarn
1978 1265 2072 1338 hanc
2094 1269 2275 1339 scribendi

1280 1357 1745 1482 canniffl'pxalemeunque
1757 1371 1970 1444 facultatem.
2022 1367 2070 1444 Et
2083 1395 2180 1441 nunc
2198 1396 2275 1440 ma-

1280 1497 1348 1563 gna
1374 1485 1538 1564 curnepe
1562 1485 1722 1542 versatur
1745 1473 1783 1540 in
1805 1470 1887 1542 Iure
1908 1472 2020 1556 civili,
2047 1487 2082 1542 et
2103 1474 2275 1542 suavitate

1281 1575 1434 1664 ingenii,
1460 1590 1494 1646 et
1515 1573 1720 1644 dexteritate
1741 1574 1867 1643 eximia
1892 1575 2073 1663 praeditus
2094 1589 2156 1648 est.
2210 1573 2275 1641 l'i-

1281 1677 1401 1770 vitque
1416 1677 1454 1745 in
1469 1677 1605 1746 familia
1621 1674 1691 1743 viri
1705 1676 1792 1744 boni
1808 1669 2091 1769 Georgiilldaa
2109 1690 2275 1770 typogra-

1281 1774 1355 1870 phi.
1399 1773 1511 1850 Vitas
1520 1773 1551 1874 ¹)
1568 1779 1686 1868 inepte
1705 1775 1877 1846 alienarat
1891 1777 2049 1848 animum
2069 1779 2275 1848 adolescen-

1279 1881 1325 1951 tis
1348 1904 1367 1948 a
1394 1903 1445 1950 se:
1497 1878 1551 1950 Ac
1575 1903 1672 1950 nune
1696 1881 1840 1972 quidem
1863 1873 1908 1954 V
1905 1877 1956 1948 ito
1979 1880 2128 1972 pecunia
2153 1881 2274 1948 debita

1280 2005 1407 2073 magna
1420 2006 1461 2051 ex
1476 1995 1575 2074 parte
1590 1981 1770 2074 persoluta
1794 1995 1855 2054 est.
1877 2021 1880 2028 ·
1907 1979 1998 2052 Cum
2024 1981 2157 2050 reversi
2184 2005 2274 2050 esse-

1280 2105 1360 2154 mus
1384 2085 1549 2165 domum,
1584 2077 1741 2158 exhibita
1764 2097 1815 2152 est
1839 2084 1944 2152 nobis
1967 2083 2114 2173 epistola
2138 2077 2276 2151 Bucari

1280 2187 1325 2255 ad
1349 2179 1591 2256 Macedonem
1616 2185 1763 2276 scripta,
1797 2207 1902 2278 quam
1929 2199 2051 2254 noster
2071 2177 2232 2254 Pericles
2248 2180 2274 2280 ²)

1281 2280 1480 2381 ἀποτόμως
1494 2287 1637 2371 reiecit,
1664 2284 1763 2356 etita
1777 2286 1924 2370 exarsit,
1948 2301 1988 2356 ut
2010 2287 2150 2356 videam
2175 2281 2273 2369 mihi,

1280 2393 1310 2460 si
1335 2391 1612 2462 inconventum
1637 2389 1814 2480 profectus
1843 2409 1973 2472 essem,
2005 2389 2064 2456 vix
2085 2388 2195 2458 fuisse
2219 2413 2273 2456 re-

1279 2495 1472 2564 deundum.
1522 2489 1717 2580 Composui
1734 2503 1852 2559 tamen
1874 2486 2180 2587 responsionem³)
2203 2515 2272 2558 non

1280 2591 1577 2678 horridissimam‚
1603 2615 1709 2686 quam
1724 2591 1861 2682 placere
1877 2591 1946 2661 sihi
1961 2592 2128 2664 ostendit.
2180 2590 2273 2662 Bene

1281 2697 1357 2767 vale
1377 2693 1495 2768 XXII.
1513 2693 1682 2766 Ianuarii.
1708 2689 1780 2766 An.
1798 2691 1851 2766 M.
1861 2689 1906 2765 D.
1914 2689 2069 2765 XLllll.
2311 2755 2312 2778 ,

1835 2788 2024 2886 Philippus
2050 2793 2227 2866 Melanth.
2311 2841 2312 2850 κ

1283 3003 1548 3017 ’.Μ-..μμ-
1551 3005 1555 3009 .

2139 3140 2199 3206 24.
2212 3134 2269 3200 lau.
2311 3121 2312 3192 f

1284 3227 1456 3262 Μ
2147 3229 2260 3254 Μ

1629 3297 1935 3384 Auditoribae.
1981 3260 1984 3266 ι

1349 3444 1458 3567 Sclrlipta
1478 3441 1555 3566 ppgl.
1568 3442 1658 3500 Aead.
1673 3441 1765 3500 Viteb.
1788 3439 1852 3496 Vol.
1867 3427 1888 3495 l.
1904 3473 1941 3483 -
1976 3443 2078 3513 Apogr.
2092 3441 2120 3494 in
2135 3441 2198 3496 eod.
2212 3441 2268 3494 liar.

1410 3551 1417 3568 .
1438 3533 1464 3584 p.
1536 3549 1543 3564 .
1731 3532 1733 3540 ¹

747 3683 1177 3784 philippusMelamhon·
1278 3651 1539 3752 Philippus
1565 3648 1854 3725 Melanthea
1883 3647 2113 3724 desecanda
2140 3651 2268 3750 eclipsi,

338 3841 515 3916 Praefatio
532 3845 583 3916 'in
608 3843 783 3931 Genesin,
815 3845 854 3915 in
874 3841 1126 3944 typographica
1151 3845 1229 3916 offi-
1280 3871 1453 3963 Obscura

237 3948 315 4017 cina
331 3947 493 4019 absoluta
509 3962 572 4023 est.
623 3945 797 4020 Fortassis
814 3949 1011 4040 exemplum
1028 3951 1095 4022 tibi
1109 3950 1229 4020 mitte·
1332 3994 1485 4066 Usum„

236 4063 305 4122 tur.
357 4049 528 4122 Venditio
546 4051 711 4124 differtur
731 4074 844 4145 usque
859 4054 904 4122 ad
920 4055 1097 4164 nondinas
1115 4049 1230 4120 Fran·
1281 4093 1438 4168 Auditor
1463 4097 1500 4165 lu

237 4151 470 4222 cofordianas.

984 4385 1095 4394 -n-o--m
1115 4387 1121 4394 ι
1143 4387 1227 4396 00...—

1095 4609 1154 4670 22.
1167 4597 1232 4664 Ian.

1092 4693 1222 4720 Μ

238 4591 434 4720 Q&

515 4831 666 4916 Ioaele.
700 4830 958 4919 Camerario.

308 5015 394 5088 Epist.
406 5013 440 5068 ad
456 5012 594 5071 Camerar.
611 5031 638 5087 p.
652 5011 704 5069 448
716 5031 758 5086 sq.
778 5013 830 5081 (ed.
844 5012 932 5069 Lond.
947 5010 996 5070 lv,
1016 5031 1058 5085 ep.
1072 5011 1153 5084 ild).

242 5191 449 5204 W

277 5309 312 5382 *)
331 5310 435 5366 ludieta
454 5271 933 5378 erantoomitiaSpiree'd.10.lan.
953 5305 1074 5388 habenda
1108 5303 1232 5358 volebat-

330 5381 425 5506 totle-sl}
437 5377 769 5522 {llpptoffipppippgtpqres
782 5391 877 5432 secum
896 5375 1004 5434 ducere.
1039 5342 1230 5429 vdseclen.

1523 3755 1585 3831 24.
1603 3753 1788 3827 Ianuarii
1800 3781 1902 3825 anno
1920 3755 2030 3829 1544.

1486 3894 1597 3962 donec
1623 3892 1754 3980 tegitur
1779 3889 1929 3979 caligine
1956 3883 2124 3958 Phoebus

1508 4018 1573 4064 nec
1597 3996 1656 4062 dat
1682 3990 1829 4062 luminis
1857 3993 1930 4082 ipse
1954 3991 2027 4074 sui,

1504 4110 1560 4165 ctu
1584 4117 1686 4163 veros
1713 4095 1859 4163 ostende
1886 4093 2047 4175 dolores,

1331 4197 1382 4270 Ut
1407 4195 1504 4268 Deus
1527 4219 1658 4288 poenas
1682 4195 1838 4283 mitiget,
1864 4195 1954 4263 adde
1982 4216 2112 4284 preces.

1282 4297 1491 4372 Omittenda
1516 4299 1626 4389 igitur
1651 4321 1748 4366 nunc
1774 4311 1825 4366 est
1851 4295 2039 4388 praelectio
2068 4297 2191 4379 nobis,

1332 4401 1419 4476 Cras
1443 4401 1581 4473 utinam
1607 4403 1728 4470 redeat
1753 4399 1880 4468 laetior
1906 4393 1993 4467 hora
2021 4421 2156 4488 precor.

1577 4601 2086 4614 .----——--·-...-.---.—-.-·.....-.--.
2104 4603 2121 4608 -
2141 4602 2149 4608 ..
2176 4601 2184 4606 .
2200 4601 2220 4606 .-

1284 4725 1349 4800 Νο.
1365 4721 1478 4798 2852.

1288 4821 1458 4851 Μ

2063 4737 2071 4763 l
2109 4729 2165 4796 24.
2182 4725 2237 4788 lau.

2097 4815 2255 4844 w

1555 4894 1707 4978 Ioaele.
1743 4891 1999 4980 Camerario.

1349 5037 1435 5112 Epist.
1449 5037 1483 5092 ed
1493 5036 1632 5094 Cameren.
1646 5057 1674 5109 p.
1687 5037 1740 5092 456
1749 5057 1792 5110 sq.
1812 5039 1865 5108 (ecl.
1877 5037 1966 5092 Lond.
1978 5035 2030 5090 IV.
2044 5054 2088 5108 ep.
2099 5035 2181 5104 m).
2267 5045 2273 5052 ·

1318 5267 1345 5333 l)
1364 5264 1567 5319 amerbachius.

1316 5351 1343 5414 2)
1362 5349 1473 5404 Luther.
1486 5347 1518 5404 C.
1531 5347 1589 5403 W.

1315 5437 1344 5506 Β)
1363 5435 1436 5490 llaec
1450 5453 1505 5488 non
1520 5443 1624 5493 servata
1639 5443 1689 5488 est.
1774 5488 1776 5492 .
