4670 5806
61 301 124 374 tte
618 287 1057 366 EPISTULARUM
1109 286 1214 362 LIB.
1247 280 1321 363 tx.
1366 281 1499 358 1544.
2003 275 2081 354 490

63 471 130 540 viss.
150 467 353 556 rescripsit,
370 479 410 536 nt
433 466 556 538 seciam
576 465 674 558 quod
691 465 797 534 duces
818 459 1034 533 exercituum
1088 483 1150 528 cor
1171 458 1275 530 ctiam
1291 471 1330 528 nt
1352 469 1387 526 te
1402 457 1574 546 gubernet
1587 467 1621 524 et
1637 451 1849 537 servet,·eui
1868 465 1996 539 genus,
2021 447 2079 516 vi-

62 573 93 640 in
107 569 264 662 periculis
288 567 441 650 iaciunt,
466 581 506 636 nt
529 589 584 636 me
604 567 680 634 siue
701 565 931 636 dimicatione
944 559 1035 630 reci·
1087 571 1143 628 tae
1165 553 1382 648 dignitas⁷),
1415 557 1547 640 virtus,
1573 556 1690 624 Iocum
1715 553 1754 623 iu
1784 551 1966 646 republica
1993 549 2079 618 illu·

63 674 144 764 piam
164 672 201 738 in
224 670 300 744 loca
320 669 471 753 tutiora,
496 690 564 760 qua
583 671 627 736 de
642 689 681 736 re
696 666 923 756 cogitandum
944 656 1035 730 mibi
1087 661 1250 730 striorem
1264 669 1527 742 concesserunt,
1552 656 1591 724 in
1613 678 1682 748 qua
1699 647 1808 750 ubi⁸)
1830 651 2080 724 sententiatos

61 775 161 842 video.
210 768 306 838 liene
329 783 361 838 et
385 768 533 838 feliciter
558 768 653 851 vale,
678 767 736 836 die
758 768 834 838 divi
854 762 1036 856 Hierony·
1087 761 1279 855 aliquando
1299 784 1354 830 res
1369 760 1480 830 bonas
1497 757 1625 849 poterit
1640 749 1829 850 iuvare⁰),
1852 753 1889 823 id
1904 768 1945 823 ut
1959 751 2079 836 sarias,

60 873 118 958 mi,
142 895 210 964 quo
234 867 318 940 hinc
345 873 488 940 suumn
514 883 595 938 ante
611 875 730 956 ,annos
750 863 873 938 XXIII
900 852 1037 958 Capito
1088 875 1121 932 te
1138 864 1242 932 etiam
1259 877 1362 956 atque
1376 861 1480 930 etiam
1497 852 1650 952 rogem).
1681 855 1827 927 Conditi
1842 877 1963 926 sumus
1975 875 2078 946 prae-

62 963 342 1046 etfturtacctns.
1088 963 1191 1056 cipue
1212 965 1255 1032 ad
1280 962 1496 1053 agnitionem
1520 974 1554 1030 et
1579 959 1848 1030 celebrationem
1876 957 1945 1028 dei.
1996 949 2079 1026 Ali-

597 1062 788 1159 Philippus
809 1059 987 1138 Melanth.
1088 1089 1157 1160 qua
1192 1065 1300 1156 igitur
1333 1064 1464 1134 summi
1492 1063 1589 1132 illius
1620 1060 1736 1154 operis
1768 1059 1859 1130 ratio
1892 1052 2078 1128 habeatur.

1088 1165 1185 1236 Haec
1209 1166 1352 1258 scripsi,
1386 1179 1419 1234 et
1442 1181 1481 1236 ut
1507 1158 1615 1232 Petro
1637 1186 1773 1231 morem
1797 1183 1952 1251 gererem
1979 1170 2015 1226 et
2037 1169 2079 1226 ut

71 1285 1026 1312 ................-..-...........-.......-.-
1087 1292 1206 1338 meum
1223 1291 1302 1358 erga
1317 1281 1351 1336 te
1365 1268 1520 1336 studium
1534 1265 1599 1335 tibi
1617 1265 1850 1335 ostenderem.
1901 1257 2078 1329 Historias

1089 1367 1245 1439 Gallicas
1267 1382 1328 1439 ant
1351 1369 1501 1436 aliamm
1526 1367 1684 1456 gentium
1704 1364 1777 1434 scio
1792 1365 1835 1432 ad
1850 1385 1913 1431 vos
1928 1357 2078 1452 perferri

65 1437 263 1575 Q
881 1433 1036 1556 Q
1088 1471 1134 1540 ab
1156 1471 1254 1550 aliis,
1288 1470 1418 1564 quibus
1446 1492 1501 1538 res
1531 1468 1673 1558 publica
1699 1459 1873 1560 uoti0r¹¹)
1897 1477 1950 1532 est
1970 1483 2077 1555 quem

1088 1567 1189 1644 mihi.
1228 1570 1325 1640 Bene
1346 1587 1380 1642 et
1399 1571 1571 1640 foeliciter
1586 1569 1676 1642 vale.
1722 1565 1845 1637 Pridie
1863 1563 1939 1640 Cal.
1964 1559 2077 1638 Octo·

343 1639 438 1728 Cur.
474 1639 742 1723 Uttenltovio
1087 1671 1162 1744 bris
1185 1669 1295 1748 1544,

115 1793 195 1866 Epist.
210 1791 312 1853 lib.Vl.
328 1815 354 1868 p.
368 1795 455 1878 Slpq.
469 1825 516 1876 ·—·
547 1793 684 1876 Collatum
700 1804 739 1846 est
754 1789 942 1874 aptogrspbon
958 1787 1034 1853 Met,
1765 1793 2026 1896 Philippu8.¹²)

145 1865 217 1935 quod
239 1877 387 1920 asservatur
406 1881 435 1916 ιιι
448 1861 573 1916 btblrotb.
589 1861 670 1932 Regu
686 1859 865 1914 berolinenn.
902 1857 1034 1922 Eandem,

144 1943 174 1988 ut
186 1935 313 1988 nondum
326 1931 446 1999 editam,
465 1931 560 1985 ereutii
573 1930 677 1984 curarit
691 1929 919 1982 Foerstemauutu
937 1926 966 1980 io
986 1929 1033 1984 tea

144 2003 233 2059 tteom
255 2003 458 2070 utttttonnrn
479 2005 528 2055 ιιι
553 2001 607 2055 ten
627 2000 719 2056 dsttst
737 1997 859 2068 ttttcttttt
873 2018 884 2048 ι
899 1997 1032 2066 undenos.

145 2071 328 2142 δοεῐιιιιιιςιιι.
347 2069 409 2124 Vol.
422 2070 445 2123 1.
456 2066 499 2122 I’t.
511 2068 537 2121 t.
551 2083 578 2140 p.
591 2064 659 2122 13⁵.»

60 2215 200 2296 Clanis.
223 2221 301 2294 viro
325 2216 535 2296 Nobilitate
559 2216 724 2314 generis,
757 2215 887 2290 virtute
911 2225 944 2288 et
966 2211 1033 2288 do-
1088 2141 1300 2278 Q
1764 2135 2074 2273 ow)

60 2327 161 2394 ctrina
197 2321 410 2441 praestanti
440 2318 609 2392 Domino
643 2309 824 2439 Qoroto
857 2316 1031 2392 Utten·
1414 2335 1466 2424 V·
1500 2334 1735 2422 Theodoro·
1845 2371 1849 2378 .

104 2421 251 2510 Iovio,
274 2420 444 2494 Domino
458 2416 709 2509 Marchemn,
730 2431 891 2520 patrono
907 2445 987 2497 suo.
1148 2492 1299 2572 Epium·
1314 2497 1361 2554 w·
1377 2517 1403 2566 P·
1417 2499 1468 2553 Μ
1481 2516 1522 2572 sq.
1539 2528 1574 2540 -
1599 2495 1652 2552 tiis
1667 2514 1697 2549 u
1712 2491 1878 2568 autographo
1893 2493 1922 2548 tn
1936 2491 2072 2551 coemto·

61 2537 96 2626 S.
117 2557 158 2631 D.
214 2552 348 2626 Petrus
379 2549 641 2650 (Edingns)')
667 2549 795 2648 hospes
818 2577 939 2640 meus,
974 2555 1031 2625 vir
1183 2567 1397 2640 nutritae.

61 2662 156 2745 gravis
177 2671 211 2730 et
233 2661 378 2744 doctus,
403 2658 528 2750 tuique
542 2657 803 2726 amantissimus
810 2707 823 2742 ,
849 2679 950 2749 saepe
973 2677 1030 2726 me
1088 2719 1092 2728 .
1221 2722 1228 2740 ,
1649 2698 1653 2709 ·
1719 2721 1726 2740 ,
1947 2717 1955 2736 ,

61 2754 203 2831 bortatur
228 2773 269 2830 ut
297 2763 340 2829 ad
366 2773 399 2829 te
420 2760 581 2828 scribam.
639 2754 689 2828 Et
710 2779 774 2848 ego
795 2757 1030 2829 admiratione
1080 2717 1135 2796 D·
1162 2718 1556 2842 Vn⁰Tl⁸⁶⁰d⁰s02
1583 2715 1980 2842 d⁰f²⁶¹²E⁹⁰IId⁶¹¹m
1994 2713 2073 2790 Εὖ·

60 2860 181 2932 virtutis
193 2875 275 2933 tuae
298 2862 346 2930 ita
361 2884 524 2939 moveor,
550 2873 591 2930 nt
611 2873 727 2930 tecum
749 2853 839 2928 mibi
854 2859 1030 2930 assiduam
1412 2823 1523 2898 dm
1544 2820 1742 2922 NWb‘l'i'·

61 2961 317 3034 familiaritatem
332 2985 405 3032 esse
428 2975 557 3054 optem.
609 2959 679 3032 Sed
697 2954 817 3056 tam²)
833 2961 926 3032 tristi
941 2976 1031 3032 tem·
1082 2939 1126 3030 S.
1152 2959 1196 3032 D.
1247 2959 1389 3053 Hospiti
1424 2959 1557 3056 Cyprio
1589 2985 1663 3030 non
1694 2964 1857 3034 defutura
1882 2973 1965 3032 sunt
1995 2981 2073 3030 mea

62 3085 130 3152 pore
150 3065 235 3157 quid
262 3059 438 3155 possim³)
457 3061 630 3147 scribere,
660 3063 756 3154 quod
779 3075 847 3133 aut·
862 3064 904 3132 ad
930 3077 1030 3134 tuum
1083 3064 1217 3147 officia,
1242 3063 1271 3130 si
1299 3063 1383 3155 quid
1410 3077 1527 3132 tamen
1550 3075 1653 3154 petet.
1705 3062 1810 3134 Nunc
1827 3060 1961 3133 habitat
1977 3063 2074 3153 apud

61 3164 200 3235 dolorem
222 3165 431 3234 leniendum
451 3176 512 3234 aut
539 3165 583 3232 ad
608 3185 722 3232 meam
745 3164 958 3234 moestitiam
981 3165 1032 3233 Ie·
1084 3157 1292 3235 Matthiam
1310 3159 1527 3257 Illyricum,
1549 3164 1612 3257 qui
1628 3159 1686 3258 bie
1701 3159 1852 3235 Ilibraice
1867 3166 1985 3248 docet,
2010 3185 2073 3234 cu-

61 3268 192 3336 randam
224 3267 380 3336 multum
400 3263 541 3335 differat
561 3259 810 3358 momenti⁴)?
860 3263 1032 3334 Videmus
1084 3269 1139 3338 ius
1165 3267 1389 3336 sermonibus
1411 3279 1597 3338 contentus
1618 3267 1776 3336 fortassis
1791 3289 1865 3336 uon
1880 3265 2072 3336 admodum

60 3367 163 3436 orbem
178 3381 355 3439 terrarum
369 3361 576 3462 undiqne⁸)
595 3364 726 3457 premi,
748 3379 790 3437 ut
810 3360 904 3436 nihil
919 3367 1031 3436 dicam
1084 3393 1197 3440 meam
1213 3369 1387 3460 privatam
1405 3369 1697 3438 cousuetudinem
1710 3381 1858 3460 expetet·
1902 3365 2072 3438 Nondum

60 3467 159 3553 aliud,
198 3493 325 3558 magna
351 3465 585 3559 Imperiorum
608 3465 826 3540 contusione.
885 3465 1032 3539 Utinam
1083 3472 1195 3542 multa
1221 3468 1387 3540 collocuti
1407 3491 1548 3555 sumus,
1573 3469 1677 3560 cupio
1701 3493 1782 3539 euru
1805 3457 1855 3540 de¹
1868 3467 2004 3552 Patria,
2027 3463 2073 3537 d'e

60 3561 217 3639 Ecclesiae
242 3583 333 3639 recte
358 3571 652 3658 gubernarentur.
711 3566 802 3638 Nam
823 3568 862 3636 in
888 3562 946 3636 his
974 3591 1033 3638 ac·
1084 3573 1232 3657 studiis,
1257 3574 1300 3668 de
1314 3569 1486 3643 sententia
1503 3571 1540 3638 in
1556 3571 1779 3660 dogmatibus
1793 3571 1937 3654 audire,
1956 3581 1992 3638 et
2007 3591 2073 3638 au-

61 3669 219 3758 qniescerc
237 3685 372 3740 mentes
387 3681 529 3762 posscut
542 3670 713 3739 abductae
730 3681 948 3760 aronspectu
962 3668 1032 3737 mi·
1084 3674 1178 3742 diam
1195 3673 1351 3741 tortasse.
1401 3669 1470 3742 Sed
1487 3671 1535 3742 ita
1552 3673 1662 3743 multa
1679 3672 1878 3763 impediunt
1892 3666 2000 3750 lruius
2013 3691 2073 3760 ges

61 3771 212 3844 seriarum
240 3772 476 3864 politicarum.
526 3763 628 3864 Ac⁸)
650 3781 786 3838 vestrae
803 3769 948 3862 quidem
961 3766 1033 3840 Ec·
1084 3774 1179 3842 neris
1203 3795 1409 3861 congressus
1433 3795 1513 3842 cum
1538 3773 1677 3856 amicis,
1702 3787 1742 3843 ut
1765 3776 1870 3865 plane
1892 3785 2010 3869 optem
2026 3777 2073 3842 ert

61 3869 165 3943 clasiae
186 3897 333 3967 prorsus
355 3893 540 3966 oppressae
569 3886 653 3942 sunt
672 3871 859 3956 servitute;
892 3884 1033 3940 nostrae
1085 3869 1152 3944 boc
1167 3875 1363 3963 ergastulo,
1385 3875 1520 3944 etiamsi
1537 3869 1626 3944 mihi
1642 3876 1713 3944 vita
1732 3888 1807 3945 acta
1823 3889 1891 3959 est,
1914 3874 2072 3947 liberari.

61 3974 167 4045 melius
194 3989 376 4065 reguntur.
428 3973 500 4045 Sed
524 3983 642 4044 tamen
667 3972 706 4040 in
724 3971 938 4065 quibusdam
958 3995 1031 4040 non
1083 3973 1130 4047 Et
1150 3971 1208 4044 bic
1225 3997 1340 4044 annus
1363 3997 1420 4043 me
1430 3976 1531 4060 ,varie
1547 3975 1710 4044 exercuit·
1759 3975 1841 4046 Duo
1854 3975 1977 4066 amici,
2001 3969 2073 4043 vi'ri

61 4069 136 4144 nibil
162 4091 212 4146 cst
238 4075 465 4149 incommodi.
522 4067 576 4142 Ae
598 4073 629 4143 si
652 4073 844 4144 arbitrarer
868 4065 1032 4143 humanis
1083 4075 1209 4169 optimi
1232 4075 1324 4168 eapti
1347 4087 1449 4160 sunt,
1472 4073 1743 4170 Hieronymus,
1768 4077 1911 4148 stulius
1932 4078 1971 4146 in
1988 4073 2073 4146 Bel.

62 4177 198 4246 roosiliis
213 4177 333 4248 sanari
352 4172 438 4248 haec
454 4175 547 4243 mala
563 4197 675 4264 posse,
696 4175 798 4266 plura
816 4197 1032 4267 quaererem.
1084 4179 1160 4270 giso
1183 4191 1328 4269 propter
1341 4173 1576 4268 Evangelium
1598 4173 1881 4268 comprehensus.
1944 4177 2074 4249 Secuta

61 4269 146 4346 Nunc
166 4305 245 4349 cum
270 4279 396 4361 sciam,
420 4273 613 4346 Ecclesiam
638 4275 695 4344 dei
720 4299 794 4344 non
823 4299 923 4366 posse
946 4274 1031 4346 solis
1083 4280 1174 4349 tiliae
1197 4279 1395 4349 calamitast
1427 4273 1667 4372 Sycophantia
1688 4301 1762 4349 non
1788 4279 1954 4370 vulgaris.
2012 4273 2072 4350 At

62 4366 227 4450 homiuum
254 4380 413 4451 consiliis
438 4376 530 4465 regi,
562 4377 676 4446 servio
704 4377 742 4444 iu
769 4371 834 4446 hac
858 4401 936 4446 mea
960 4390 1032 4446 sta·
1082 4376 1168 4450 haec
1199 4382 1371 4450 accedunt
1401 4377 1579 4450 Historiae
1600 4377 1844 4466 Pannonicae,
1872 4403 1960 4476 quas
1992 4376 2072 4450 heri

63 4475 140 4548 tione
155 4482 348 4552 inventutis
363 4478 506 4550 studiis:
532 4479 642 4548 doceo
658 4478 779 4564 utilia,
805 4491 839 4548 et
853 4480 1031 4568 guberua—
1082 4485 1273 4552 admodum
1296 4481 1414 4550 tristes
1434 4481 1521 4572 legi,
1544 4493 1579 4550 et
1594 4481 1661 4552 tibi
1674 4483 1866 4568 mitterem,
1893 4482 1964 4550 nisi
1981 4482 2072 4554 alius

62 4580 196 4668 toribus,
221 4585 283 4678 qni
309 4605 374 4652 nos
396 4579 520 4652 andire
547 4579 695 4670 nolunt,
727 4603 803 4650 non
821 4581 944 4652 odiose
965 4579 1030 4650 ob-
1082 4581 1241 4653 curiosus
1265 4581 1464 4674 exemplum
1487 4577 1577 4650 mihi
1598 4577 1677 4651 heri
1702 4597 1934 4654 monstratum
1950 4583 2072 4654 abstu-

62 4690 178 4774 ttrepo,
209 4710 249 4757 ac
270 4687 377 4755 deum
401 4707 466 4753 oro
487 4695 528 4754 ut
551 4703 608 4750 me
629 4693 665 4752 et
679 4679 769 4752 alios
786 4695 892 4772 regat.
942 4678 1030 4752 Pre-
1081 4685 1188 4757 lisset.
1213 4681 1336 4754 ‘Beue
1358 4683 1448 4758 vale.
1498 4679 1548 4755 Ει
1562 4683 1810 4756 communibus
1831 4686 1995 4776 precibus
2009 4684 2072 4756 Ii·

64 4883 264 4908 ...η-ιι.

89 5011 112 5074 l)
128 5011 248 5082 Edrbgus
259 5011 363 5070 rddidit
373 5009 462 5068 editor
476 5005 540 5064 libri
553 5005 603 5070 ‚Vl.
1115 5005 1144 5074 7)
1162 5003 1236 5060 libri
1247 5003 1294 5063 VI.
1307 5003 1397 5062 editor
1407 5021 1500 5076 gertus
1511 5009 1600 5074 ortae,
1616 5005 1744 5076 atgmtas
1756 5005 1885 5063 distinxit.

88 5093 116 5164 ἲ)
129 5097 231 5154 Foerst.
244 5101 303 5154 sirm
314 5116 365 5171 pro
380 5105 451 5151 tom·
1115 5089 1143 5157 8)
1163 5089 1268 5144 Ἑοειιι.
1282 5092 1311 5144 r'n
1324 5108 1379 5160 quo
1391 5093 1443 5154 uti,
1562 5087 1566 5094 “
1712 5095 1715 5106 ·

88 5177 112 5241 t)
127 5179 225 5238 Foerst.
234 5199 360 5250 pueran-
1083 5217 1086 5222 .
1113 5171 1143 5243 9)
1159 5172 1266 5230 I‘oerst.
1277 5174 1376 5228 enare
1385 5175 1501 5242 ροιιιὺ.

88 5259 111 5328 4)
130 5267 261 5320 momenti
270 5263 438 5319 desideratur
449 5259 479 5318 itt
491 5259 541 5318 tib.
557 5255 605 5314 VI·
1114 5263 1157 5328 to)
1175 5259 1280 5315 bouet.
1300 5276 1360 5324 ero,

89 5345 112 5414 I)
127 5348 347 5419 terrendique.
1114 5347 1159 5416 Il)
1178 5345 1283 5401 noun.
1300 5348 1395 5399 mter
1409 5365 1461 5419 pro
1475 5349 1580 5404 metor.
2021 5379 2025 5388 ·

90 5431 113 5500 8)
128 5431 183 5496 lib.
196 5431 245 5492 vt.
258 5437 307 5492 At.
1113 5429 1158 5502 12)
1176 5427 1283 5484 Nomen
1296 5428 1403 5489 subm.
1415 5430 1523 5503 omisit,
1537 5441 1569 5492 ut
1579 5429 1669 5503 solet,
1685 5431 1774 5488 editor
1786 5431 1850 5488 libri
1864 5429 1911 5488 rt.
2015 5466 2022 5506 ³
