4654 5804
215 239 291 316 70⁷
782 233 1220 316 EPISTOLARUM
1272 233 1399 310 Lttt.
1417 233 1482 313 lX.
1535 231 1667 314 tate.
2160 237 2223 310 tot

215 415 646 501 carcinomatum,
688 413 780 488 Nam
795 415 894 486 illam
910 413 1202 488 deliberationem
1357 407 1465 480 Mitto
1480 408 1548 479 tibi
1566 423 1600 482 ct
1615 409 1799 502 epistolam
1815 408 1980 502 scriptam
2002 433 2023 480 a
2042 408 2117 480 lilio
2139 409 2226 479 anici

166 565 168 574 =
216 520 261 588 de
276 516 441 588 Ecclesiis
458 514 688 591 exhibendam
708 516 937 612 Imperatori,
955 517 1084 588 volunt
1096 515 1204 588 Prin·
1258 525 1377 584 nostro
1393 499 1578 584 Cnstneri.
1627 509 1709 582 Non
1725 514 1821 581 deest
1835 512 2018 602 ingenium
2031 513 2227 581 adolescenti

218 620 313 712 cipes
334 621 441 690 latine
462 619 575 693 reddi.
624 617 758 712 Scripsi
775 635 809 693 ct
822 620 956 690 alienet
970 613 1206 716 παρασκευὰς
1259 602 1448 684 Casinom-
1499 611 1569 683 Sed
1597 614 1704 683 nimis
1728 626 1820 682 amat
1841 615 2060 706 voluptates,
2094 637 2231 684 oneran-

218 736 409 792 conventus
426 721 615 811 pertinent.
667 778 672 792 .
1258 717 1325 786 dus
1339 730 1390 786 est
1406 716 1514 806 igitur
1529 714 1649 806 aliquo
1665 716 1798 788 labore.
1849 713 1939 784 Nam
1954 717 1993 784 in
2007 711 2077 785 boe
2095 716 2164 785 otio
2184 715 2234 782 ui-

317 821 370 892 De
393 815 545 914 Synodo
570 816 794 891 Tridentino
823 806 941 894 nescio
973 847 1019 894 an
1052 821 1206 893 audieris
1258 817 1369 888 mium
1386 818 1455 887 sibi
1470 816 1641 904 indulget.
1667 815 1845 905 Quaeram
1863 817 1896 885 ei
1910 811 2235 887 functionemScho-

219 924 334 996 differi
358 923 501 996 initium
527 927 576 994 ad·
588 920 792 998 Octobrem.
815 996 818 1011 ,
844 924 904 996 Sic
925 927 1055 996 ludunt
1077 925 1204 994 summi
1258 919 1431 1004 lasticam,
1456 919 1719 1011 quamprimum
1743 918 1810 987 erit
1824 919 1971 991 occasio.
2021 915 2121 988 Duos
2143 918 2235 985 libel-

218 1027 468 1113 gnbernatores
495 1027 694 1106 mentione,
721 1027 934 1112 indictione,
959 1027 1206 1120 prorogatione
1257 1022 1312 1090 lo's
1325 1021 1392 1092 tibi
1408 1021 1528 1105 mitto,
1554 1043 1706 1112 quorum
1722 1019 1873 1089 alterum
1889 1021 1989 1088 dabis
2006 1017 2153 1089 Ductori
2163 1013 2233 1086 Ba-

218 1127 357 1221 Synodi
378 1125 633 1222 ἐντρυφῶντες
660 1132 711 1221 τῷ
738 1122 919 1232 ἀξιώματι
943 1125 1117 1224 ἱερατικῷ
1142 1122 1207 1198 καὶ
1258 1119 1358 1194 silio.
1408 1119 1609 1196 Benenate.
1660 1118 1729 1192 Die
1747 1125 1809 1195 21.
1823 1119 1948 1191 Martii
1965 1117 2073 1196 1545.

219 1221 453 1320 ἐναλλόμενοι
465 1234 626 1324 χριστῷ,
648 1253 722 1298 non
744 1253 842 1300 secus
866 1255 905 1301 ac
926 1232 983 1300 illi
1003 1230 1072 1322 ipsi
1089 1230 1128 1298 in
1148 1224 1206 1298 hia
1765 1217 1954 1315 Philippus
1971 1215 2191 1296 Melantbon.

219 1332 326 1400 storia
345 1326 499 1418 Christi,
525 1333 587 1425 qui
602 1331 764 1402 divinare
786 1356 865 1402 eum
882 1333 1072 1418 iubebant,
1097 1355 1213 1426 aqtro
1289 1331 1291 1338 ’

88 1439 92 1454 ’
217 1455 401 1524 percussus
419 1447 518 1507 esset.

87 4698 100 4724 ⁴
225 4696 321 4772 Deus
337 4696 441 4768 nobis
454 4711 574 4768 nostra
594 4699 771 4770 domicilia
788 4714 955 4790 protegat.
1005 4697 1125 4770 Audio
1149 4725 1213 4769 au-

317 1529 351 1604 A
365 1527 512 1604 Sehetio
527 1535 633 1606 velim
652 1549 686 1607 te
699 1529 745 1604 F
739 1535 901 1606 rancisco
915 1535 1087 1633 Hispano
1100 1559 1205 1628 pecu·
1269 1561 1336 1639 No·
1351 1563 1464 1638 5159ο
2073 1575 2133 1636 22,
2144 1564 2224 1630 mm,

218 1633 316 1704 niam
338 1650 474 1726 petere,
505 1637 600 1708 iuxta
621 1633 683 1708 has
705 1639 856 1725 litteras,
884 1654 919 1712 et
939 1642 1022 1709 dare
1047 1633 1204 1731 ἅποχὴν,
1261 1663 1474 1700 Μ
2088 1655 2218 1690 ’Μ’

187 1731 191 1740 ’
218 1749 260 1806 ut
275 1754 416 1810 vocant:
444 1737 544 1808 dabis
559 1753 674 1808 antem
690 1743 872 1831 pecuniam
888 1737 971 1810 huic
995 1741 1126 1810 nuncio
1152 1740 1205 1808 af·
1531 1760 1679 1844 Joach·
1713 1757 1975 1849 camerario·

218 1838 416 1925 ferendam,
437 1863 476 1910 ac
491 1841 620 1912 scribes
635 1866 835 1918 numerum.
872 1841 1082 1928 Benevole,
1105 1839 1206 1914 xvi.

219 1937 367 2018 Caleod.
391 1937 507 2034 April.
1324 1915 1409 1989 epar.
1422 1917 1455 1973 ,a
1471 1918 1607 1976 camard
1623 1939 1651 1992 p.
1664 1921 1716 1976 ara
1727 1938 1770 1992 η.
1790 1917 2218 1992 <.a.1anans.rv..p.ssu.

748 2042 939 2140 Philippus
956 2039 1133 2118 Μθιῧηὼ·
1258 2060 1484 2142 Clarissimo
1506 2069 1584 2143 viro
1610 2067 1812 2143 eruditione
1838 2080 1870 2142 et
1893 2071 2022 2142 virtute
2041 2069 2238 2168 praestanti

1290 2168 1550 2244 ‘Ioachtmo
1578 2167 1697 2248 Cam.
1722 2169 1818 2249 Pub.
1843 2173 1962 2246 amico
1985 2171 2196 2245 sno-corios.

456 2385 461 2394 ·
1258 2303 1305 2396 S·
1326 2323 1372 2399 D.
1422 2320 1689 2419 Sigismundns
1707 2315 1847 2394 Gelono
1870 2336 2007 2402 noster,
2044 2323 2141 2416 quod
2169 2321 2235 2388 ian-

220 2407 288 2480 ΝΟ·
302 2409 414 2486 ⁸¹5⁸·
921 2459 925 2466 ·
1034 2419 1197 2492 ccum.
1260 2441 1354 2498 stum
1377 2440 1411 2496 et
1432 2429 1516 2497 felix
1538 2427 1601 2513 sit,
1626 2427 1861 2519 proficiscitur
1882 2427 1920 2494 in
1945 2424 2115 2516 patriam,
2147 2421 2233 2490 cuius

228 2505 400 2534 ”m
1033 2509 1203 2541 Ἄ
1261 2531 1431 2600 discessus
1451 2530 1633 2620 geminum
1658 2523 1748 2596 mihi
1772 2527 1929 2596 dolorem
1953 2527 2071 2595 affert:
2098 2523 2183 2594 Nam
2206 2531 2235 2588 et

568 2614 630 2700 M·
663 2612 870 2701 CrudeliO.
1260 2631 1366 2704 avelli
1383 2653 1404 2701 a
1419 2655 1477 2700 me
1492 2623 1735 2724 παραστάτην
1747 2629 1870 2713 doleo,
1888 2641 1922 2696 et
1936 2628 2005 2718 ipsi
2028 2627 2066 2694 in
2092 2639 2161 2696 tam
2185 2624 2235 2691 lu-

322 2770 408 2845 Epnc,
425 2773 473 2830 tib.
490 2772 526 2830 v,
541 2793 569 2847 p.
586 2773 639 2831 370
655 2793 697 2847 ,4
1155 2761 1159 2774 *
1260 2746 1382 2804 ctuoso
1404 2732 1538 2826 patriae
1562 2733 1677 2816 bello,
1709 2754 1783 2799 non
1806 2753 1948 2819 possum
1977 2751 2050 2797 non
2081 2740 2234 2796 metuere.

1260 2832 1318 2906 Ad
1331 2831 1416 2904 haec
1430 2846 1577 2904 renovat
1589 2828 1680 2902 milri
1694 2833 1762 2902 iter
1775 2831 1902 2922 ipsius,
1916 2829 2122 2898 memoriam
2131 2823 2234 2917 [ατρ-

222 2919 387 3006 Mareo
412 2913 638 2999 Credetio
666 2931 688 3022 (
689 2925 840 3023 gubern.
865 2919 979 3005 schol·
1002 2921 1041 2998 T
1040 2948 1180 3022 urgens.
1185 2925 1209 3016 )
1258 2935 1339 3030 gis,
1374 2931 1613 3004 honestissimi
1642 2947 1675 3004 et
1704 2932 1976 3022 ingeniosissimi
2005 2927 2233 3008 adolescentis,

1260 3061 1365 3132 quem
1390 3037 1564 3108 dimisisse
1587 3059 1643 3104 me
1666 3057 1768 3126 saepe
1794 3033 1982 3124 poenituit.
2032 3029 2137 3100 Nunc
2161 3040 2232 3118 opto

1260 3155 1301 3212 ut
1314 3131 1597 3232 Sigismnndnm
1614 3150 1728 3206 servet
1741 3136 1835 3204 filins
1849 3133 1916 3204 Dei
1931 3131 2108 3204 Dominus
2130 3143 2234 3200 noster

1261 3237 1358 3312 lesus
1371 3236 1556 3323 Christus,
1576 3261 1681 3331 quem
1700 3239 1842 3306 invocat
1857 3260 1938 3304 vera
1957 3237 2095 3326 pietate.

1360 3339 1415 3412 De
1427 3354 1488 3411 tua
1504 3339 1708 3410 valetudiue
1724 3339 1850 3408 vellem
1867 3330 2096 3404 aLaterensr'
2110 3331 2233 3425 planius

1261 3441 1432 3535 scriptum
1462 3465 1555 3528 esse,
1592 3443 1652 3510 sed
1687 3441 1854 3509 mandata
1883 3433 2128 3531 Sigismnndo
2153 3431 2232 3514 dedi,

1261 3569 1342 3615 eum
1364 3569 1435 3639 quo
1458 3557 1550 3614 certe
1572 3541 1818 3626 excurrissem,
1839 3538 1911 3636 nisi
1933 3539 2056 3608 aulicis
2069 3533 2232 3625 compedi-

1261 3649 1328 3718 bus
1342 3648 1523 3720 retinerer.
1572 3642 1732 3714 Nuncius
1748 3655 1867 3712 noster
1882 3653 1917 3710 et
1930 3641 2064 3710 litteras
2078 3652 2152 3709 toas
2165 3658 2232 3724 gra-

1262 3750 1402 3819 vissime
1417 3747 1583 3838 scriptas,
1608 3759 1641 3814 et
1656 3743 1841 3835 pecuniam
1856 3743 1950 3812 bona
1973 3743 2042 3810 tide
2063 3740 2164 3820 nobis
2182 3759 2232 3804 ex-

1261 3847 1391 3922 hibuit.
1440 3847 1511 3918 Pro
1534 3848 1620 3916 vino
1641 3847 1748 3915 misso
1767 3845 1894 3935 gratias
1917 3843 1984 3913 tibi
2008 3865 2091 3932 ago,
2122 3834 2232 3932 Sigis-

1261 3946 1422 4022 mundns
1446 3950 1486 4018 in
1508 3943 1575 4018 hac
1597 3949 1708 4032 urbe,
1730 3970 1804 4016 non
1820 3945 1916 4014 aliud
1939 3943 2072 4014 iudicat
2086 3965 2156 4012 esse
2176 3945 2231 4008 te·

1263 4048 1436 4150 ρώτερον.
1486 4047 1659 4140 Cogitabo
1680 4043 1762 4142 περὶ
1782 4043 1951 4142 ἀμοιβῆς.
2002 4043 2056 4115 Dc
2077 4043 2141 4112 filii
2161 4061 2229 4110 sero

1263 4152 1472 4226 munusculo
1504 4153 1600 4245 quod
1633 4150 1855 4241 interpellas,
1895 4159 2033 4237 gratum
2064 4140 2152 4214 mibi
2178 4153 2229 4212 est.

1262 4257 1334 4327 Nec
1349 4257 1416 4326 alia
1435 4278 1489 4324 res
1504 4247 1674 4324 hactenus
1691 4251 1870 4342 impediit,
1895 4249 1966 4318 nisi
1981 4251 2229 4343 πολυπραγμο-

222 3051 268 3142 S.
294 3074 341 3164 D,
389 3071 602 3148 Charissime
619 3073 751 3146 Marce.
797 3075 930 3147 Iterum
946 3072 1037 3146 mihi
1055 3099 1144 3168 opus
1161 3090 1212 3148 est

222 3177 294 3245 tuis
310 3178 452 3262 officiis,
476 3201 585 3270 quare
598 3193 632 3248 te
648 3203 732 3264 oro,
759 3191 800 3248 ut
821 3202 886 3270 pro
910 3173 1129 3274 humanitate
1152 3192 1212 3250 tua

224 3289 258 3347 et
273 3278 401 3370 pietate
415 3279 504 3348 boni
520 3279 700 3363 consulas,
726 3281 821 3372 quod
837 3281 939 3349 toties
952 3293 986 3349 te
1002 3294 1211 3372 occupatum

223 3379 359 3472 alioqui
381 3379 485 3450 novis
507 3380 658 3470 negotiis
682 3403 804 3454 onero.
855 3379 924 3451 Sed
946 3381 1026 3450 talis
1049 3394 1101 3450 est
1127 3382 1212 3466 vita,

223 3503 363 3552 necesse
376 3495 447 3566 est,
470 3503 536 3552 nos
550 3483 709 3552 conterre
722 3482 871 3554 labores.
927 3481 1032 3551 Venit
1047 3476 1117 3552 huc
1131 3505 1212 3552 cum

224 3579 400 3680 Hispano
413 3576 601 3679 nostro*),
626 3584 689 3677 qui
706 3607 725 3654 e
741 3607 877 3654 carcere
891 3579 1115 3653 Bruxellensi
1130 3609 1212 3653 eva-

225 3686 287 3770 sit,
310 3686 388 3755 viro
411 3687 545 3776 optimo
571 3698 606 3755 et
626 3685 871 3774 integerrimo,
893 3686 982 3755 alius
1000 3686 1143 3780 quidam
1161 3686 1213 3756 ci-

147 3857 149 3859 ,
224 3787 279 3856 vis
300 3783 559 3881 Bruxellensie,
591 3785 653 3880 qui
682 3787 720 3855 in
744 3787 931 3858 manifesto
954 3787 1112 3878 periculo
1134 3787 1212 3874 luit,

225 3889 256 3958 is
272 3912 368 3959 nunc
388 3887 526 3983 quaerit
542 3911 675 3980 operas.
726 3886 836 3960 Novit
856 3902 971 3958 autem
988 3903 1142 3960 vestrum
1162 3891 1212 3959 ci-

225 4015 327 4077 vem,
360 3989 423 4085 qui
447 3990 535 4061 texit
561 4004 712 4082 tapetas,
746 3992 841 4085 quod
866 3990 1052 4062 artificium
1081 3992 1213 4082 etipse
1245 4041 1252 4050 .

226 4104 371 4160 exercet.
419 4088 539 4161 Huius
565 4093 713 4162 consilio
743 4093 798 4162 uti
820 4093 984 4164 decrevit.
1037 4090 1156 4180 Quare
1178 4106 1213 4162 te

226 4191 331 4263 etiam
353 4203 459 4285 atque
477 4191 583 4262 etiam
604 4217 686 4278 oro,
719 4207 760 4266 nt
782 4189 914 4282 hospiti
939 4205 1085 4284 propter
1106 4188 1213 4262 Chri-

226 4305 321 4365 stum
350 4293 507 4365 exulanti
528 4288 596 4362 hoc
625 4309 779 4384 praestes
806 4295 931 4377 officii,
961 4307 1001 4362 ut
1022 4296 1212 4363 monstrari
1300 4352 1309 4382 ,
1455 4356 1464 4374 ,
1623 4354 1631 4370 ‚
2201 4339 2210 4364 ‚

225 4395 370 4465 domum
393 4395 492 4464 illius
516 4393 671 4465 artificiis
697 4397 861 4469 cicures.
884 4393 893 4400 ’
918 4391 998 4464 Etsi
1026 4393 1116 4474 scio,
1150 4419 1212 4464 vos
1263 4380 1374 4480 σῖζναι
1393 4355 1824 4476 auhffleaflfflbusnvefsss
1847 4365 2032 4470 ultimus
2055 4351 2158 4466 (ficti,
2175 4367 2228 4457 ⁰²²]

225 4495 366 4565 onerari
387 4495 484 4565 varie
506 4519 526 4566 a
547 4495 679 4566 talibus
701 4498 880 4567 exulibus:
905 4511 1024 4567 tamen
1047 4491 1213 4567 honesto-
1262 4457 1327 4534 ὅθ’
1351 4459 1426 4532 ἐπ’
1448 4478 1671 4548 “WWOW
1691 4457 1790 4526 0²²⁰·
1840 4451 1922 4524 3⁰¹⁰
1938 4451 2228 4520 valdedesldfflfl

225 4621 306 4668 rum
329 4591 515 4666 bominum
531 4597 725 4667 calamitate
747 4599 838 4668 attici
855 4623 919 4668 nos
936 4600 1067 4669 iustum
1083 4611 1150 4678 cst;
1173 4613 1211 4670 ut
1263 4587 1342 4680 “Em
1365 4551 1573 4675 libellumj‘)
1594 4557 1633 4626 5⁰
1651 4550 1799 4675 ⁸5h0li⁸2
1823 4545 2228 4668 0²¹⁰⁰²³1d⁰³¹¹¹³fdlfi·

1262 4689 1307 4734 cu
1323 4685 1412 4755 pene
1428 4659 1559 4730 delevit
1573 4682 1614 4728 ex
1629 4681 1749 4728 anrmo
1764 4679 1855 4728 meo.
1906 4653 1976 4726 Sed
1992 4676 2094 4744 spero
2118 4647 2169 4722 hrs
2187 4647 2226 4715 te·

1262 4767 1325 4836 ciis
1343 4763 1478 4857 aliquid
1503 4759 1607 4829 nobis
1624 4759 1693 4830 ocii
1709 4761 1798 4832 fore.
1847 4751 1944 4826 Deus
1960 4767 2126 4824 aeternus
2146 4763 2227 4844 pater
2301 4813 2302 4818 ,

1261 4865 1407 4938 Domini
1431 4861 1544 4934 nostri
1563 4858 1642 4932 lesu
1659 4855 1811 4943 Christi,
1833 4869 1949 4936 seryet
1975 4871 2008 4926 te
2033 4855 2226 4954 incolumen

1261 4985 1295 5040 et
1316 4981 1396 5038 tuae
1418 4962 1627 5036 domesticae
1641 4957 1838 5045 Ecclesiae,
1862 4971 1899 5030 et
1919 4957 2105 5028 universae
2122 4951 2226 5027 Eccle-

1260 5072 1346 5141 siae:
1372 5069 1542 5160 scriptum
1564 5077 1617 5136 est
1640 5063 1756 5144 enim,
1804 5059 1888 5132 Non
1903 5059 2037 5130 mortui
2049 5057 2224 5136 laudabunt

225 4815 316 4886 tem,
351 4797 585 4888 integritatem
619 4795 726 4872 huius
758 4797 827 4868 riri
860 4801 1020 4885 laudari,
1047 4825 1112 4871 nec
1144 4803 1211 4870 tibi

226 4901 527 4987 commendarem,
563 4900 633 4970 nisi
661 4897 750 4972 mihi
777 4899 927 4994 Hispani
961 4903 1073 4972 nostri
1099 4903 1211 4972 virtus

227 5017 377 5096 spectata
397 5016 431 5076 et
452 5002 598 5096 probata
623 4999 729 5091 esset',
748 5003 810 5100 qui
833 4997 939 5074 huius
953 4999 1082 5095 Belgae
1095 5029 1210 5075 mores

223 5106 414 5198 praedicat.
777 5109 779 5120 '

1266 5273 1483 5288 μ

250 5398 281 5472 *t
298 5402 445 5461 renosco
463 5403 621 5481 Dryandro.
1290 5398 1320 5468 *)
1338 5397 1520 5455 dialecticum.
