4670 5806
189 233 268 312 50⁷

195 419 334 492 mater,
365 404 558 480 verissimis
583 429 602 478 a
624 417 660 478 te
681 418 828 480 ornatos
852 407 1039 494 laudibus,
1069 431 1186 501 quon-

198 511 282 582 dam
303 509 408 582 dedit·
425 509 530 580 nobis
553 507 737 602 aliquanto
759 510 966 602 pleniorem.
1016 508 1095 612 Hoc
1109 511 1187 580 fieri

198 625 234 686 te
250 611 381 682 sciente
404 625 440 682 et
460 612 702 682 consentiente
720 613 869 682 mirifice
884 615 962 682 vult
985 626 1019 682 et
1035 613 1187 695 laborat,

134 715 137 722 “
201 727 237 784 st
258 713 296 782 in
314 710 382 792 hoe
402 727 477 782 non
498 725 570 784 tam
587 736 784 784 successum
799 739 939 784 omnem
956 715 1124 784 editionis
1139 714 1201 781 si-·

200 828 278 887 tum
300 837 391 894 esse,
415 837 524 906 quarn
542 814 837 886 existimationem
860 839 960 886 suam
979 817 1069 886 verti
1090 815 1188 884 arbi·

200 929 325 988 tratur.
376 911 546 1006 Confugit
568 917 677 1006 igitur
698 919 743 986 ad
765 941 842 1002 me,
868 931 902 988 et
922 918 1188 987 intercessorem

83 1113 85 1118 s
199 1039 257 1086 me
275 1017 344 1086 sibi
359 1038 432 1085 esse
448 1017 589 1108 expetit.
641 1015 868 1112 Quapropter
883 1033 929 1104 te,
946 1020 997 1087 mi
1011 1014 1188 1110 Philippe,

199 1111 425 1190 vehementer
437 1117 543 1188 etiam
558 1132 662 1212 atque
676 1119 782 1190 etiam
796 1143 898 1210 rogo,
924 1121 1080 1211 primum
1095 1134 1134 1190 ut
1150 1121 1188 1186 in

199 1213 267 1290 hac
280 1241 319 1288 re
337 1212 466 1316 Papae
487 1220 661 1290 desiderio
681 1222 903 1316 obsequaris,
928 1223 1057 1292 deinde
1073 1235 1107 1291 et
1121 1221 1189 1288 mi-

199 1315 241 1390 hi
255 1321 476 1411 gratificeris,
500 1321 562 1414 qui
578 1322 633 1390 illi
650 1323 782 1413 optime
798 1323 920 1414 cupio;
948 1324 1003 1391 vel
1021 1323 1104 1392 situ
1123 1322 1189 1390 ali-

200 1433 258 1491 ter
275 1444 434 1506 censeas,
466 1423 510 1490 de
534 1418 602 1492 hoc
632 1425 736 1492 etiarn
766 1449 823 1492 me
847 1427 973 1494 reddas
994 1425 1189 1494 certiorem.

200 1521 294 1594 Vale
308 1523 359 1592 mi
374 1522 579 1594 suavissime
592 1519 770 1616 Philippa.
821 1523 948 1595 Nostra
965 1526 1094 1594 familia
1110 1549 1190 1616 per·

202 1637 362 1694 amanter
393 1637 428 1694 te
451 1639 486 1695 et
509 1639 724 1696 tuosomnes
740 1625 878 1695 salutat.
930 1625 983 1696 Te
1006 1651 1090 1694 vero
1112 1627 1191 1696 offi-

202 1725 323 1796 ciosus·
335 1723 382 1798 G.
396 1721 523 1795 Comes
539 1741 668 1802 noster.
722 1725 854 1800 lterum
868 1728 957 1800 vale.
987 1725 1104 1800 xvlt.
1121 1724 1191 1796 Ca-

201 1826 326 1898 lendas
346 1823 522 1897 Novemh.

956 2084 1183 2096 —m—-un—

202 2239 271 2314 No.
287 2220 399 2311 805'6.
456 2267 458 2274 ¹

1046 2257 1101 2318 18.
1121 2248 1192 2313 Oet.

209 2334 382 2366 m
1024 2339 1194 2366 mm

474 2439 624 2525 Ioach.
651 2438 906 2530 camerario.

272 2597 397 2654 Primum
403 2597 492 2669 edita
517 2599 545 2652 in
570 2597 663 2652 fronte
685 2591 875 2670 grammaticae
899 2599 997 2656 latinae
1015 2561 1102 2674 atet,
1125 2621 1194 2674 quae

307 2668 410 2739 prodiit
428 2685 502 2722 auno
524 2667 601 2723 15⁵2.
642 2665 764 2786 Repetite
783 2667 811 2720 in
834 2667 901 2722 Mel.
924 2687 985 2750 epp.
1004 2671 1035 2724 ad
1057 2671 1195 2728 Cerneres.

307 2754 334 2808 p.
349 2735 403 2790 762
415 2754 474 2808 sqq.
492 2735 553 2804 (ed.
567 2735 680 2790 Londl
709 2771 716 2788 .
730 2754 773 2806 ep.
785 2737 867 2802 910.).

205 2879 404 2994 Philippus
427 2879 616 2961 atalanta.
646 2882 676 2956 I
681 2882 895 2959 anthimo
919 2881 1195 2965 Camerario

248 2981 476 3082 Padargensi
501 2987 579 3057 viro
606 2986 742 3086 optimo
766 2989 884 3060 amico
906 3016 975 3062 suo
997 3018 1159 3083 sommo,

206 3099 254 3194 S.
279 3118 325 3191 D.
375 3121 469 3192 Sunt
490 3121 634 3216 quidem
650 3119 859 3198 scholastici
876 3129 1100 3216 magistratus
1117 3131 1196 3222 opi-

207 3223 316 3292 nione
344 3221 678 3325 multorumpueque
704 3227 874 3315 dignitate
898 3245 1131 3320 praestantes,
1161 3245 1197 3304 et

204 3325 371 3393 laborum
392 3325 751 3418 atque'pericolornm
766 3328 1001 3417 singularium
1021 3347 1194 3422 expertes:
1211 3351 1213 3357 ’

206 3421 327 3517 thue
350 3424 534 3494 doctonrm
559 3423 731 3516 sapientia
743 3425 861 3522 χολὴν
878 3427 946 3502 οὐκ
960 3429 1054 3523 ἔχειν
1077 3427 1196 3525 perhi-

207 3527 328 3596 betur:
356 3525 404 3594 ita
419 3519 550 3595 horum
566 3525 659 3596 inter
674 3527 768 3618 ipsos
783 3531 1042 3602 administratio
1058 3535 1149 3604 leuis
1163 3548 1198 3605 et

208 3624 347 3718 placida
368 3641 403 3697 et
424 3639 498 3696 tuta
522 3650 595 3696 esse
618 3629 784 3704 creditur.
836 3619 894 3702 Tu
909 3645 1024 3702 tamen
1041 3619 1196 3725 profecto

211 3741 246 3796 et
263 3727 403 3809 sensisti
425 3751 522 3796 nunc
543 3729 670 3814 etiam,
685 3725 829 3824 'quanta
844 3733 1004 3803 molest-ia
1023 3738 1067 3806 sit
1090 3736 1197 3834 ἐντῷ

211 3822 355 3920 ἄρχειν,
381 3839 415 3897 et
431 3842 595 3897 semestre
614 3845 714 3899 tunm
730 3833 868 3902 finitum
887 3857 959 3903 esse
974 3837 1075 3906 valde
1090 3838 1198 3910 laeta-

209 3931 271 3998 ris.
321 3925 440 4021 Atque
466 3943 580 4000 essent
601 3932 746 4002 fortasse
768 3934 807 4001 in
826 3936 955 4004 nostris
978 3934 1198 4034 πολιτεύμα-

213 4049 272 4100 σιν
287 4028 403 4097 facilia
418 4031 556 4110 omnia,
583 4032 612 4099 si
628 4057 700 4102 non
710 4029 947 4105 scholasticus
961 4042 1049 4108 ordo
1064 4041 1199 4134 iniqui-

212 4142 282 4199 tate
298 4131 449 4221 quadam
474 4131 530 4197 vel
553 4127 738 4202 hominum
754 4136 811 4202 vel
829 4149 1029 4228 temporum
1045 4145 1200 4228 graviter

212 4231 398 4299 laboraret.
450 4225 663 4318 Experimur
680 4234 775 4302 euim
791 4233 906 4304 indies
920 4261 1063 4326 magnas
1078 4255 1112 4311 et
1130 4245 1199 4312 dif-

212 4329 320 4397 liciles
335 4329 613 4414 adversationes,
638 4357 717 4402 cum
735 4336 864 4428 quibus
879 4339 983 4408 nobis
998 4355 1049 4410 est
1062 4341 1201 4412 luctan-

213 4430 320 4513 dum',
346 4425 475 4522 impari
492 4429 637 4523 quidem
653 4451 839 4524 apparatu,
864 4451 899 4508 et
921 4441 1114 4511 admodum
1129 4445 1202 4515 dis·

213 4529 391 4600 similibus
405 4531 526 4623 copiis.
577 4530 666 4602 Nam
681 4536 812 4626 quibus
831 4561 898 4607 nos
917 4541 1022 4610 rebus
1039 4543 1202 4616 instructi

215 4653 354 4714 sumus,
376 4631 418 4699 id
441 4645 514 4717 est,
539 4626 760 4706 humanitate
782 4638 821 4706 in
843 4639 970 4710 litteris
983 4655 1017 4712 et
1032 4647 1202 4718 mediocri

216 4729 417 4830 eruditione
438 4755 478 4800 ac
501 4733 681 4818 doctrina,
702 4759 762 4805 eae
779 4761 894 4832 neque
912 4741 1032 4812 firmae
1051 4749 1134 4817 satis
1156 4750 1201 4818 ad

214 4832 490 4924 protegendum,
515 4855 631 4928 neque
647 4837 786 4906 validae
801 4843 845 4908 ad
861 4841 1124 4916 defendendum
1146 4874 1203 4918 re-

214 4932 402 5024 periuntur
425 4925 493 5002 hoe
515 4945 691 5026 tempore,
717 4933 923 5032 quo'animi
938 4937 1125 5019 hominum
1148 4951 1204 5020 di-

213 5117 449 5142 *anau-n·—

230 5193 237 5202 ¹
285 5225 413 5348 epistolae
431 5223 498 5283 haec
511 5224 674 5298 moenai,
691 5239 716 5286 et
727 5231 835 5355 pltare,
853 5253 922 5307 quse
939 5237 1076 5310 seqnitur,
1093 5241 1205 5297 Meliu-

284 5301 293 5376 ι
314 5291 384 5375 onis.
420 5293 509 5350 Editio
523 5297 718 5382 annotatt.,·a
749 5322 796 5384 sps
811 5305 891 5373 laets,
905 5305 1011 5378 ridetur
1025 5307 1108 5380 igilur
1123 5310 1205 5366 fuisse

277 5372 390 5416 sacratio
405 5381 461 5421 nou
476 5373 576 5422 mutata
589 5365 840 5441 rdrtrourr'prroris.
958 5421 960 5426 .

760 227 1199 350 selmona-auat
1248 231 1357 314 Lm.
1388 233 1458 316 IX.
1511 231 1644 350 1544.

2151 238 2232 316 608

1236 408 1405 482 vitiarum
1425 422 1462 480 et
1481 410 1659 502 potentiae
1681 409 1868 502 splendore
1889 411 2001 503 capti,
2034 412 2165 484 favoris
2193 425 2229 483 et

1237 511 1507 582 existimationis
1529 513 1629 604 quasi
1653 513 1788 582 viribus
1811 516 1993 588 destitutas
2015 517 2095 584 illas
2113 516 2229 584 imbe-

1238 613 1335 683 cilles
1362 625 1396 682 et
1423 607 1637 706 εὐνικήτους
1662 615 1884 708 relinquunt.
1941 615 2031 686 Nam
2055 617 2153 710 quod
2181 617 2230 685 sit

1238 715 1520 786 adversariorum
1534 717 1656 799 robur,
1683 741 1773 809 quae
1786 735 1820 786 et
1832 741 1938 810 quam
1954 719 2061 787 densa
2076 718 2230 808 agmina,

1238 840 1328 912 qnae
1349 815 1509 890 virorum
1536 839 1785 910 armorumque
1816 819 2023 903 instructio,
2054 809 2149 888 nihil
2176 831 2231 888 est

1238 939 1377 988 necesse
1389 918 1577 1010 perscribi,
1602 919 1806 1010 pracsertim
1826 922 1870 988 ad
1892 933 1946 1004 te,
1970 944 2075 1012 quem
2098 919 2232 990 certius

1239 1019 1359 1090 omnia
1378 1043 1485 1114 quam
1499 1019 1623 1103 velles,
1648 1043 1723 1088 non
1738 1021 1940 1104 audiendo,
1963 1022 2024 1090 sed
2040 1021 2233 1112 experiun-

1240 1123 1285 1191 do
1303 1121 1513 1211 comperisse
1529 1120 1614 1190 scio.
1664 1117 1783 1212 Atque
1795 1123 1933 1192 utinam
1949 1137 2037 1194 esset
2059 1123 2154 1192 inter
2169 1145 2232 1192 eos

1237 1223 1348 1292 modo
1365 1222 1553 1292 concordia
1568 1235 1603 1290 et
1617 1221 1818 1292 animorum
1832 1224 2126 1316 voluntatumque
2141 1247 2233 1294 con-

1239 1323 1374 1407 sensio,
1400 1347 1553 1416 quorum
1575 1345 1668 1392 unus
1688 1325 1775 1392 ordo
1795 1337 1863 1408 est,
1897 1319 1961 1395 καὶ
1982 1320 2052 1416 μία
2072 1321 2128 1405 τὶς
2147 1320 2233 1395 οἷον

1240 1419 1451 1518 συμμορία,
1474 1447 1589 1518 neque
1608 1425 1647 1492 iu
1663 1425 1881 1515 professione
1899 1425 2110 1517 pulcerrima
2135 1427 2232 1516 opti-

1240 1519 1379 1595 maruu'r
1398 1525 1597 1594 litterarum
1617 1539 1652 1594 et
1670 1525 1800 1594 artium
1816 1541 2073 1618 usurparentur
2085 1527 2234 1596 alienis-

1242 1628 1329 1696 sima
1343 1626 1459 1695 studia
1474 1625 1685 1718 pertinaciae
1707 1640 1740 1696 et
1756 1627 2041 1698 malevolentiae:
2067 1628 2115 1698 ita
2133 1629 2232 1696 enim

1241 1727 1369 1797 melius
1387 1728 1444 1796 vel
1466 1729 1626 1796 'cedendo
1641 1729 1698 1795 vel
1720 1729 1943 1808 dimicando,
1971 1731 2001 1797 si
2026 1753 2115 1820 opus
2130 1743 2233 1813 esset,
2271 1759 2275 1770 ·

1242 1830 1392 1910 salutem
1427 1851 1607 1920 possemus
1639 1829 1749 1912 tueri,
1783 1853 1865 1900 nam
1899 1831 2106 1919 dignitatem
2132 1831 2230 1925 qnod

1244 1953 1424 2022 speremus
1439 1926 1531 1998 nihil
1547 1943 1615 2013 est,
1640 1955 1746 2022 quam
1759 1953 1905 2022 prorsus
1921 1933 2113 2004 amisimus.
2164 1929 2235 2001 Di-

1243 2032 1292 2103 cit
1305 2044 1425 2101 noster
1440 2031 1526 2100 civis
1534 2025 1799 2115 Demosthenes,
1815 2033 2024 2126 locupletem
2041 2030 2236 2103 esseRem-

1243 2134 1327 2224 pub.
1351 2155 1447 2217 eam,
1473 2155 1562 2225 quae
1586 2134 1750 2202 societate
1772 2133 1898 2204 etfide
1923 2148 1957 2204 et
1984 2135 2232 2204 benevolentia

1244 2246 1429 2324 augeatur,
1464 2231 1593 2326 quibus
1616 2247 1756 2304 nostrae
1776 2235 1850 2302 fere
1872 2235 2142 2304 communitates
2166 2259 2235 2303 ne-

1245 2359 1422 2429 quaquam
1444 2335 1640 2404 abundant.
1698 2333 1768 2407 Sed
1793 2331 1877 2404 haec
1891 2338 1934 2405 de
1957 2339 2111 2434 quodam
2126 2361 2236 2406 sensu

1245 2436 1407 2506 miseriae
1431 2449 1572 2504 nostrae
1593 2435 1769 2527 copiosius
1787 2437 1963 2526 disputavi
1984 2461 2088 2532 quam
2110 2438 2234 2510 debui.

1245 2535 1292 2612 Et
1310 2537 1535 2626 cogitandum
1551 2537 1655 2606 nobis
1669 2551 1736 2622 est,
1760 2561 1841 2607 cum
1856 2552 1975 2607 nostra
1991 2539 2138 2624 delicta,
2160 2551 2236 2608 tam

1244 2640 1373 2732 prio'ris
1388 2663 1493 2730 quam
1511 2638 1739 2731 quotidianae
1754 2639 1846 2708 vitae
1861 2641 1988 2708 mereri
2008 2640 2237 2708 animadver-

1245 2741 1379 2809 sionem
1396 2741 1573 2831 quandam
1594 2739 1632 2806 in
1647 2763 1731 2824 nos,
1753 2753 1829 2809 tum
1852 2755 1947 2818 certo
1970 2744 2124 2834 quodam
2146 2765 2236 2810 con-

1245 2842 1324 2910 silio
1334 2839 1525 2910 corrnivere
1540 2841 1719 2911 interdum
1728 2839 1843 2909 Deum
1860 2844 1904 2910 ad
1920 2837 2104 2911 homiuum
2121 2845 2236 2912 auda-

1246 2943 1336 3012 ciam
1350 2956 1385 3012 et
1399 2942 1545 3026 scelera,
1571 2955 1611 3011 ut
1625 2944 1923 3033 quemadmodum
1939 2944 2024 3013 dicit
2038 2943 2145 3027 idem,
2171 2967 2237 3012 cu-

1246 3045 1301 3113 ius
1323 3042 1429 3132 paulo
1444 3056 1525 3112 ante
1540 3043 1698 3127 memini,
1714 3039 1988 3126 Demosthenes,
2009 3045 2078 3112 sibi
2094 3045 2131 3112 in
2147 3069 2237 3114 con-

1246 3144 1460 3213 sideratione
1509 3166 1666 3212 summae
1710 3145 1914 3213 clementiae
1961 3141 2236 3214 Atheniensium

1246 3269 1347 3336 saepe
1355 3244 1513 3326 subiisse,
1528 3243 1734 3338 φοβεῖσθαι
1742 3237 2034 3337 μήτιδαιμόνιον
2049 3241 2096 3317 τὰ
2112 3241 2238 3344 πράγ-

1245 3369 1348 3438 ματα
1369 3337 1520 3434 ἐλαύνῃε
1555 3343 1605 3414 lta
1623 3368 1688 3412 uos
1712 3359 1805 3414 certo
1822 3362 2015 3416 statuamus
2031 3343 2115 3416 haec
2130 3349 2236 3432 mala,

1247 3469 1399 3539 quorum
1422 3447 1548 3535 partim
1573 3447 1713 3531 dolore,
1751 3449 1878 3536 partim
1903 3463 1999 3517 metu
2023 3472 2237 3533 exercemur,

1247 3569 1322 3615 non
1344 3546 1488 3616 existere
1510 3547 1676 3630 fortuito,
1701 3551 1762 3616 sed
1788 3550 1891 3641 certis
1914 3551 1958 3616 de
1974 3551 2104 3619 caussis
2120 3575 2139 3616 a
2156 3547 2236 3618 Deo

1248 3647 1393 3717 immitti
1414 3647 1533 3736 generi
1557 3642 1733 3732 humano,
1763 3663 1796 3718 et
1818 3650 1976 3741 permitti
1999 3665 2040 3720 ut
2053 3649 2238 3720 -Diabolus

1248 3762 1352 3820 autor
1368 3747 1604 3818 calamitatum
1619 3751 1749 3818 saeviat
1772 3752 1963 3842 aliquando
1988 3752 2023 3818 iu
2048 3752 2151 3819 terris
2167 3752 2238 3819 im-

1248 3849 1399 3918 manius.
1421 3849 1489 3918 ”Ac
1505 3873 1583 3917 cum
1600 3873 1664 3918 uos
1683 3851 1865 3941 cupiamus
1882 3875 1954 3920 esse
1973 3853 2011 3920 in
2027 3876 2151 3922 eorum
2166 3877 2239 3921 nu-

1250 3975 1365 4029 mero,
1391 3950 1452 4042 qui
1469 3945 1602 4020 Christi
1616 3951 1771 4041 primum
1785 3953 1913 4043 ipsius,
1938 3953 2066 4034 deinde
2082 3949 2240 4044 Aposto-

1249 4053 1366 4120 lorum
1390 4051 1576 4140 praeconio
1597 4051 1779 4121 convocati
1802 4053 1920 4137 farore,
1943 4067 1988 4122 ·et
2012 4055 2238 4124 nuncetiam

1250 4151 1367 4220 verbis
1387 4151 1532 4222 illorum
1555 4167 1811 4238 convocantur,
1836 4155 1898 4248 qui
1920 4167 1971 4223 est
1993 4169 2112 4224 coetus
2128 4151 2237 4225 Chri-

1251 4252 1385 4322 stianus
1408 4267 1442 4322 et
1456 4251 1614 4322 Ecclesia
1628 4251 1714 4336 Dei,
1741 4279 1815 4324 non
1837 4255 1988 4348 querelis
2010 4269 2044 4325 et
2066 4280 2132 4325 nos
2146 4257 2238 4326 alios
2316 4313 2326 4328 .

1250 4353 1456 4442 defatigare,
1480 4355 1539 4422 sed
1555 4347 1622 4423 hoc
1643 4377 1744 4444 agere
1759 4370 1793 4426 et
1807 4357 1971 4447 perficere
1987 4357 2173 4442 debemus,
2196 4371 2239 4427 ut

1248 4455 1431 4526 veritatem
1458 4453 1631 4536 colamus,
1664 4470 1698 4524 et
1719 4457 1823 4526 fidem
1843 4454 1919 4526 Deo
1941 4472 2177 4549 praestemus,
2204 4473 2239 4527 et
2331 4499 2332 4524 ;

1248 4555 1331 4624 freti
1354 4553 1594 4624 misericordia
1617 4555 1713 4624 illios
1738 4559 1967 4627 consistamus
1991 4561 2140 4652 quisque
2172 4585 2237 4628 suo

1250 4655 1346 4738 loco,
1373 4677 1445 4724 non
1461 4655 1575 4724 solum
1594 4655 1751 4740 fortiter,
1771 4671 1938 4752 tanquam
1957 4659 1993 4726 iu
2011 4660 2085 4730 acie
2101 4683 2239 4752 pugna·
2331 4659 2332 4742 Ῑ

1251 4756 1341 4838 turi,
1375 4755 1404 4821 si
1429 4756 1653 4836 accessesit,
1679 4759 1740 4825 sed
1774 4760 1971 4850 perpessuri
1994 4761 2099 4831 etiam
2129 4786 2238 4854 quae·
2331 4787 2332 4816 ι

1251 4879 1389 4948 cunque
1403 4856 1521 4926 oblata
1535 4856 1682 4941 fuerint,
1699 4859 1853 4930 scientes
1865 4857 1991 4944 Deum,
2017 4861 2079 4955 qui
2094 4877 2239 4953 propter

1251 4957 1365 5026 filium
1388 4979 1452 5026 nos
1477 4954 1722 5028 benevolentia
1744 4983 1806 5030 sua
1828 4961 2027 5054 complexus
2050 4963 2138 5046 suit,
2163 4987 2237 5041 non
2331 4993 2332 5050 3

1252 5078 1353 5150 posse
1370 5058 1509 5126 anobis
1527 5081 1600 5126 esse
1611 5058 1778 5134 alienum.
1830 5057 1879 5132 Et
1895 5057 1990 5130 hunc
2012 5077 2239 5134 conservatu-

1251 5182 1333 5248 ¹tum
1349 5153 1490 5228 Christo
1513 5182 1576 5229 suo
1596 5161 1781 5252 proprium
1806 5175 1963 5248 coetum,
1988 5162 2026 5232 in
2042 5189 2113 5254 quo
2129 5165 2238 5257 ipsius
2331 5153 2332 5214 ι

1254 5257 1378 5329 caritas
1402 5275 1434 5330 et
1457 5261 1602 5342 merita,
1627 5285 1666 5330 ac
1683 5263 1851 5348 beneficia
1866 5265 2139 5334 inaestimabilia
2159 5289 2238 5358 per·
2331 5255 2332 5326 ἕ

1252 5373 1356 5453 petua
1372 5361 1637 5452 praedicentur,
1661 5375 1695 5433 et
1711 5363 1877 5436 laudetur
1887 5365 1965 5459 ,ipse
1974 5363 2080 5437 Pater
2090 5363 2238 5437 Domini
