4722 5808
204 298 279 373 oar
781 283 1220 368 artsronanou
1281 284 1388 370 uto.
1422 271 1488 368 tx.
1545 273 1709 367 rsus(
2175 291 2253 370 oss

209 481 354 564 propter
370 491 479 559 genus
497 468 669 537 sermonis
691 480 725 538 et
743 489 798 537 res
808 435 901 536 r'scd
918 467 1003 536 libri
1025 467 1203 557 magnitu-
1253 462 1341 538 Deo.
1374 463 1470 535 Haec
1487 491 1567 536 cum
1585 465 1774 537 scriberem
1790 481 1863 538 erat
1877 490 2016 538 mecum
2034 465 2251 564 quispiam²)

210 576 256 644 do
280 597 356 642 non
378 571 541 660 congruit
564 571 635 640 illis
658 566 808 641 Scholis.
860 570 899 641 Si
923 572 1008 664 quid
1025 558 1203 639 Caesaris
1255 593 1294 638 ex
1313 567 1420 659 Regis
1437 563 1638 638 Fernandi
1659 572 1803 656 scribis,
1828 572 1890 664 qui
1913 571 2093 652 adfirmat,
2121 570 2252 640 Turri-

210 675 319 746 velles
342 673 586 764 interpretari,
610 674 754 742 mallem
776 672 862 742 belli
883 673 998 742 civilis
1017 669 1202 743 historiam
1255 697 1336 742 cum
1361 685 1553 766 tyrannum
1578 673 1740 765 proxima
1764 687 1891 744 aestate
1913 675 2152 744 adducturum
2177 697 2252 742 esse

210 776 380 870 proponi,
406 799 513 869 quarn
530 776 616 844 belli
630 773 777 860 Gallici,
804 776 885 868 quia
904 787 1018 844 serm'o
1033 777 1071 844 in
1087 790 1204 868 poste·
1255 775 1433 862 ingentem
1451 776 1642 847 exercitum
1661 776 1699 846 in
1711 774 1948 855 Pannoniam,
1975 801 2014 846 oc
2030 764 2254 865 legatosCa-

211 879 367 950 rioribus
390 879 462 948 illis
483 877 585 948 libris
609 879 652 946 de
678 879 771 948 bello
788 878 886 945 cirili
909 879 1050 970 planior
1070 893 1102 948 et
1122 880 1203 948 dul·
1257 875 1331 946 roli
1349 877 1436 968 lmp.
1455 892 1489 948 ct
1506 879 1658 948 aliorum
1668 877 1808 967 Regum
1824 879 1937 950 teneri
1954 893 2122 972 tauquam
2137 881 2252 970 capti-

213 983 288 1052 cior
304 994 365 1054 est.
419 977 462 1048 ln
476 975 504 1047 I
503 975 625 1048 astina
642 995 676 1051 ει
691 1005 746 1049 res
763 981 908 1049 mutilae
934 995 1034 1066 sunt,
1058 995 1091 1050 ct
1108 977 1203 1050 Ora·
1257 1005 1328 1064 vos,
1354 1005 1419 1048 nec
1436 981 1539 1050 aliter
1553 982 1777 1072 respondisse
1792 995 2002 1075 tyrannum,
2031 982 2099 1050 nisi
2117 1005 2152 1050 se
2168 982 2252 1050 illos

211 1084 262 1154 tio
279 1083 387 1152 nimis
404 1082 533 1156 brevis.
585 1082 655 1152 Sed
672 1089 790 1152 tamen
811 1077 902 1150 mihi
919 1083 1032 1174 placet
1050 1075 1206 1177 Georgii

211 1185 416 1268 consilium,
451 1184 535 1276 quia
558 1186 665 1253 series
686 1180 978 1254 Monarchiarum
1003 1200 1037 1256 et
1058 1183 1204 1276 Regno-

210 1312 291 1358 rum
309 1287 361 1358 ibi
376 1286 527 1356 indicari
541 1301 666 1376 potest.
718 1285 866 1370 Malim',
892 1281 1102 1357 Salustium
1120 1313 1202 1379 pro-

211 1391 310 1482 poni.
360 1385 414 1480 ,ln
431 1383 608 1458 Suetonio
629 1401 782 1482 quatuor
797 1387 963 1458 Caesares
985 1407 1086 1476 sunt,
1112 1417 1202 1484 quo-

213 1517 294 1562 rum
311 1491 416 1561 lertio
431 1491 531 1561 utilis
547 1504 614 1584 est,
641 1490 765 1574 lulius,
792 1489 991 1580 Augustus,
1014 1492 1200 1585 Vespasia-

211 1618 299 1678 nus,
323 1591 448 1678 Pater,
471 1607 506 1663 ct
520 1590 644 1678 Titus,
668 1595 773 1663 iilius.
837 1591 879 1660 lu
894 1595 1038 1664 caeteris
1054 1599 1200 1665 obscoe-

210 1697 304 1766 nitas
320 1696 426 1763 nimis
441 1717 567 1784 magna
586 1709 647 1767 est.
711 1693 856 1766 Utinam
872 1685 1102 1792 Caspiniani
1113 1697 1202 1769 Cae-

211 1820 305 1868 sares
320 1796 514 1888 germanici
530 1797 668 1865 meliori
689 1820 814 1886 genere
830 1793 1015 1868 Orationis
1035 1801 1201 1890 descripti

211 1913 336 1973 essent.
386 1897 527 1968 Horum
550 1894 719 1970 historiae
740 1923 795 1968 res
811 1894 943 1971 habent
961 1905 1065 1973 nobis
1086 1905 1200 1972 utiles.

209 2001 260 2074 Et
268 2001 457 2072 iuitvirtus
467 2001 506 2069 in
523 2001 889 2092 nostrisPrincipibus
904 2006 1028 2088 maior,
1045 2029 1150 2098 quam
1162 2006 1199 2074 in

211 2101 359 2174 Graecis
376 2115 438 2172 aut
450 2101 635 2178 Romanis.
676 2098 830 2173 Pulchre
843 2107 972 2197 scripta
989 2121 1039 2178 cst
1053 2104 1198 2176 historia

208 2207 318 2276 cladis
337 2205 530 2274 Varnensis
546 2231 565 2274 a
581 2204 761 2298 Scriptore
775 2209 925 2295 recenti,
950 2205 1042 2279 hanc
1058 2224 1200 2302 propter

208 2332 264 2380 res
280 2321 314 2378 ct
329 2331 439 2398 genus
456 2309 628 2378 sermonis
645 2333 747 2401 posse
762 2309 897 2380 utiliter
913 2313 1066 2406 proponi
1081 2312 1200 2384 existi-

177 2407 279 2486 'mo.
330 2408 428 2480 Bene
445 2408 489 2479 V.
540 2407 608 2480 Die
627 2411 705 2482 Nat.
721 2407 884 2487 Luthcri.
1037 2511 1120 2586 Pht

1095 2543 1132 2585 l·

205 2877 274 2950 No.
289 2878 402 2950 8311.

214 2975 387 3008 m

1036 2895 1093 2956 11.
1108 2887 1189 2955 Nor.

1020 2979 1193 3010 W

559 3075 614 3167 Ν.
643 3077 847 3162 Mediam.

271 3259 298 3312 Α
315 3253 422 3313 Danzio
443 3273 485 3328 ep.
503 3255 548 3311 48.
566 3257 635 3312 edita
658 3277 689 3313 er
702 3217 773 3313 cod.
790 3255 886 3312 Barari
906 3275 934 3329 p.
952 3256 1042 3328 1076,
1071 3277 1147 3316 nunc
1167 3280 1198 3316 er

303 3327 400 3382 eodem
423 3325 566 3398 descripta.

347 3479 1044 3573 Dn1.Doct.NieolaoMedlero.
1085 3585 1090 3606 ν

202 3615 247 3710 S·
270 3637 315 3711 D.
359 3635 407 3710 Et
420 3663 484 3731 pro
500 3653 669 3733 perpetua
685 3653 745 3710 tua
761 3663 841 3730 erga
860 3664 925 3710 nos
938 3642 1196 3730 benevolentia,

200 3755 237 3812 et
251 3767 316 3834 pro
332 3737 481 3812 historia
499 3744 697 3834 conscripta
712 3743 777 3812 tibi
795 3744 942 3830 gratiam
959 3738 1085 3819 habeo.
1123 3745 1195 3816 Le-

199 3843 251 3933 git
265 3839 448 3914 historiam
464 3839 544 3913 heri
558 3857 668 3914 totam
684 3846 722 3912 in
742 3869 850 3913 coena
872 3843 918 3918 D.
933 3843 1067 3918 Doctor
1079 3845 1193 3916 Mar-

1256 1083 1293 1151 io
1309 1084 1477 1154 comitatu
1493 1107 1610 1154 secum
1626 1084 1664 1152 iu
1679 1082 1903 1152 Pannoniam
1920 1085 2149 1152 reducturum
2164 1107 2251 1156 esse.

1357 1184 1524 1278 Synodus
1538 1179 1764 1258 Tridentino
1781 1186 1949 1280 dissipata
1966 1199 2029 1258 est.
2072 1182 2170 1258 Bene
2186 1211 2251 1256 va-

1255 1288 1298 1362 le.
1352 1287 1510 1358 Salutem
1527 1301 1611 1380 opto
1629 1286 1673 1361 D.
1690 1287 1839 1360 Doctori
1852 1282 2017 1358 Antonio
2040 1283 2147 1362 1545.

1907 1419 1947 1496 P.
1971 1417 2196 1495 Melanthon.

1252 1669 1372 1680 ..ιιι-
1375 1671 1744 1682 —n-——m—
1749 1671 2078 1682 m—-
2082 1669 2243 1680 ῌ--ῡ

2085 1851 2141 1912 16.
2155 1841 2237 1910 Nor.

2071 1934 2245 1964 w

1266 1837 1331 1908 No.
1347 1839 1459 1911 3812.

1261 1937 1473 1973 Μ

1616 2033 1891 2148 (Studiosis)

1354 2215 1462 2288 scripu
1480 2214 1555 2286 publ.
1575 2213 1662 2270 brad.
1679 2213 1809 2270 Wiueb.
1827 2213 1861 2273 T.
1877 2214 1898 2268 t.
1918 2232 1946 2287 p.
1960 2214 2019 2272 1³9.

1299 2363 1501 2468 Philippus
1535 2363 1768 2440 Melanthon
1811 2365 2199 2465 (Scholasticis.)

1251 2492 1498 2602 Tempestates
1515 2510 1705 2600 significari
1728 2510 1847 2601 positu
1863 2511 2064 2594 stellarum,
2097 2505 2165 2580 hoc
2180 2535 2248 2580 an-

1252 2639 1300 2684 no
1324 2613 1524 2684 illustribus
1540 2612 1708 2702 exemplis
1724 2613 1956 2692 animadverti
1972 2611 2102 2703 potuit.
2150 2611 2248 2684 Nam

1252 2717 1388 2788 siccitas
1404 2729 1483 2807 post
1498 2713 1628 2785 lulium
1642 2715 1797 2803 insignes
1814 2737 1935 2784 causas
1952 2709 2089 2798 habuit,
2114 2728 2148 2786 et
2164 2731 2249 2807 post

1253 2823 1342 2890 duos
1354 2841 1492 2888 menses
1508 2829 1699 2908 coeperunt
1720 2817 1863 2906 exiguae
1882 2817 2024 2907 pluviae
2046 2840 2136 2902 esse,
2161 2843 2249 2888 curn

1251 2921 1355 2993 Luna
1373 2922 1470 2992 venit
1488 2923 1533 2990 ad
1550 2915 1697 2990 humida
1715 2919 1832 3008 sigua;
1860 2933 1893 2990 et
1912 2943 2009 2988 nunc
2026 2933 2078 2990 est
2094 2919 2132 2988 in
2147 2918 2248 2992 Can-

1252 3050 1331 3111 cro,
1363 3039 1397 3096 et
1424 3024 1604 3093 concurrit
1624 3018 1832 3090 Haedorum
1859 3034 1893 3092 et
1914 3016 2064 3090 Orionis
2088 3047 2245 3110 occasus,

1251 3128 1295 3197 de
1322 3152 1392 3220 quo
1421 3120 1612 3218 Virgilius
1641 3123 1777 3218 inquit:
1817 3121 2009 3194 Nimbosus
2032 3119 2152 3194 Orion
2178 3139 2247 3226 etc.

1249 3228 1387 3298 Harum
1402 3251 1521 3296 rerum
1536 3226 1735 3296 doctrinam
1751 3249 1868 3294 amare
1883 3224 1970 3296 utile
1985 3240 2047 3298 est.
2074 3223 2129 3296 lbi
2144 3227 2247 3298 enim

1250 3345 1285 3400 et
1301 3325 1368 3398 hoc
1390 3329 1628 3399 animadverti
1649 3341 1783 3420 potest,
1807 3326 1925 3398 Deum
1940 3329 2246 3419 sapientissimum

1250 3431 1398 3503 consilio
1424 3431 1471 3501 ita
1498 3432 1682 3501 ordinasse
1702 3445 1802 3500 ortus
1824 3445 1858 3501 et
1875 3453 2036 3516 occasus,
2062 3444 2102 3500 ut
2124 3445 2245 3503 terrae

1248 3536 1459 3606 conducant.
1510 3532 1595 3603 Ideo
1619 3525 1973 3618 enarroPlolemaei
1988 3530 2245 3625 Quadriperti-

1248 3653 1342 3717 tum,
1376 3649 1409 3706 ct
1436 3632 1542 3705 hodie
1567 3631 1655 3704 hora
1680 3635 1783 3706 tertia
1808 3636 2003 3706 secundum
2025 3635 2160 3706 librum
2180 3638 2244 3707 in-

1246 3735 1402 3823 choabo,
1428 3739 1489 3831 qui
1509 3738 1648 3808 erudite
1662 3739 1705 3806 dc
1720 3738 1986 3828 tempestatibus
2003 3750 2037 3808 et
2052 3739 2244 3828 regionum

1244 3841 1382 3912 vicibus
1400 3839 1553 3910 disserit.
1602 3837 1722 3927 Quare
1739 3835 1976 3912 scholasticos
1991 3835 2172 3926 adhortor,
2198 3858 2244 3914 ut

199 3945 312 4032 tinas,
338 3948 381 4014 ad
398 3969 505 4039 quam
521 3948 555 4018 d.
572 3940 775 4031 Pastorem,
797 3933 1047 4040 Craeigerum,
1073 3943 1191 4020 Geor·
1242 3944 1497 4040 frequentiores
1514 3943 1671 4016 audiant.

197 4043 302 4141 giam
317 4043 505 4117 Maiorem
523 4063 557 4119 et
569 4074 627 4118 me
643 4044 837 4140 vocarat¹)‚
862 4065 901 4121 ut
916 4051 1041 4121 solitus
1056 4067 1123 4140 εει,
1149 4079 1189 4124 eo

198 4149 257 4218 dic
272 4151 402 4220 amicos
417 4173 552 4222 vocare.
610 4149 701 4219 Nam
719 4153 833 4242 pridie
850 4151 1002 4222 Martini
1019 4168 1120 4224 natus
1139 4170 1190 4226 est

1610 4161 1857 4170 ἢ--.
1885 4163 1924 4170 ιιι..
1961 4163 1974 4170 .-

195 4243 407 4337 Latheras,
430 4277 470 4322 ac
494 4275 590 4323 nunc
613 4248 758 4323 inchoat
779 4277 913 4323 annum
935 4257 1188 4345 sexagesimum
1240 4304 1295 4376 No
1324 4305 1424 4376 3313

197 4356 405 4430 secundum.
457 4347 535 4424 Oro
557 4367 676 4424 autem
686 4351 821 4439 Deum,
846 4369 886 4426 ut
900 4371 1014 4428 servet
1036 4371 1071 4428 rt
1093 4374 1188 4448 regat
1241 4357 1445 4432 ..zv-„⁶

195 4455 276 4547 pios
302 4453 489 4541 Doctores,
522 4455 700 4548 principes
721 4473 754 4527 et
774 4457 948 4544 civitates,
975 4485 1064 4552 quae
1083 4485 1187 4551 prae-

193 4557 281 4628 bent
294 4552 448 4648 hospitia
465 4559 629 4642 ecclesiis,
653 4559 743 4628 sicut
758 4583 898 4651 sperare
911 4586 976 4631 nos
991 4563 1102 4650 iussit,
1129 4565 1187 4634 in-

194 4659 337 4752 quiens:
371 4655 532 4742 Beatas‚
559 4657 626 4758 qai
647 4657 825 4755 intelligit
848 4687 957 4760 saper
979 4687 1127 4756 egenam
1154 4677 1185 4736 et

190 4784 408 4858 pauperem
436 4756 552 4830 indie
573 4759 679 4832 mala
699 4759 872 4833 liberabit
890 4789 968 4836 eam
985 4763 1185 4840 Dominae.

192 4861 323 4953 Magna
342 4865 498 4956 proiecto
515 4865 669 4954 pericula
692 4867 867 4936 sustinent
890 4870 1068 4962 principes
1085 4887 1119 4942 ct
1135 4874 1185 4942 ci-

191 4966 334 5050 vitates,
368 4962 519 5058 hospitia
549 4967 703 5036 ecclesiis
732 4966 800 5037 Dei
829 4973 1046 5061 praebentes.
1112 4975 1182 5046 Sed

1576 4491 1627 4588 B.
1659 4499 1892 4590 Setattero.

1307 4682 1392 4755 Epist.
1413 4680 1461 4736 lib.
1479 4681 1516 4734 ll.
1533 4699 1559 4752 p.
1574 4679 1634 4732 476.
1655 4677 1732 4746 (edit.
1752 4679 1839 4735 Lond.
1857 4679 1893 4734 ll.
1913 4697 1957 4752 ep.
1973 4679 2056 4750 505.).

1389 4839 1444 4912 D.
1470 4835 1804 4909 Bartolomaeo
1831 4833 2080 4915 Selrallero

1235 4943 1278 5034 S.
1296 4961 1340 5036 D.
1392 4958 1606 5032 Charissime
1629 4957 1673 5028 D.
1698 4959 1989 5044 Bartolomaee-3c
2002 4961 2115 5052 Saepe
2140 4959 2232 5032 mihi

191 5089 313 5159 spero,
338 5067 453 5138 Deum
472 5069 521 5138 eis
537 5069 741 5139 adfuturum
760 5095 844 5145 csse.
881 5071 954 5142 Nos
970 5101 1111 5169 quoque
1128 5079 1183 5147 di-
1235 5065 1401 5155 cogitanti
1429 5065 1472 5132 de
1493 5063 1691 5154 Republica
1714 5077 1747 5134 et
1772 5065 1816 5131 de
1840 5065 2041 5152 posteritate
2067 5067 2106 5133 iu
2133 5080 2231 5136 tauta

189 5169 338 5261 ligenter
362 5196 476 5242 mores
501 5185 641 5241 nostros
664 5197 843 5262 regamus,
869 5198 914 5244 ne
938 5177 1181 5251 abiiciamura
1234 5169 1466 5261 imperiorum
1495 5167 1742 5258 dissipatione,
1775 5166 1865 5238 lenit
1892 5172 2011 5236 tam'rn
2043 5163 2129 5238 haec
2158 5193 2228 5240 una

190 5380 391 5390 w——n

219 5499 247 5568 1)
264 5496 354 5552 Dana.
373 5515 405 5553 ex
423 5493 632 5554 emendatione:
652 5505 811 5552 vocaverat.

1239 5373 1443 5386 *nn—“u

1265 5497 1293 5564 2)
1312 5497 1401 5556 Dauo.
1422 5493 1552 5550 mendose
1564 5491 1727 5564 xqutsqaam.
1778 5449 1802 5582 ι,

1256 5743 1370 5788 .Α,
