4704 5804
98 235 156 312 no
581 222 1085 320 ,nrrsronanon
1132 223 1337 305 arnrx.
1390 223 1582 304 csta
1839 167 1844 172 ’
2026 227 2104 308 oso

96 407 228 479 betiores
256 417 339 476 sunt
364 417 399 475 et
418 401 511 472 vires
537 425 659 472 omnes
680 401 930 492 languidiores
986 395 1061 470 Nec
1113 400 1208 470 enim
1225 399 1363 468 labores
1379 400 1529 471 aliorum
1538 421 1639 471 causa
1658 396 1874 492 suscipiendi
1889 400 2102 473 suntomni-

96 509 233 580 coctione
252 507 407 595 integra,
432 527 497 574 nec
522 527 646 574 somno
668 503 750 574 satis
773 503 907 592 rigatur
927 495 1060 571 exbau·
1112 502 1179 572 bus
1201 501 1437 572 mediocribus
1461 497 1680 576 hominibus.
1730 500 1802 574 Sed
1823 502 2102 575 consolationem

94 623 171 680 stum
191 631 330 698 corpus:
370 618 405 676 et
429 605 657 676 cumulantur
688 604 811 676 aetatis
838 603 930 673 mala
954 602 1059 688 curis,
1112 615 1311 688 teneamus,
1336 627 1441 695 quam
1457 603 1618 680 doctrina
1634 603 1794 674 coelestis
1808 603 1987 697 proponit.
2017 601 2101 674 Me-

83 710 276 794 ,doloribus,
297 701 481 797 p'ericulis,
503 705 644 792 erratis,
660 703 859 790 aerumnis,
873 719 959 800 quas
973 704 1059 774 sub-
1110 703 1337 788 minerimus,
1362 727 1428 774 nos
1442 705 1481 772 in
1498 699 1563 776 hac
1577 705 1704 776 militia
1714 702 1790 776 Deo
1806 705 1955 788 servire,
1982 717 2018 776 et
2032 704 2100 776 ali·
2157 743 2162 752 ·

93 811 162 880 inde
175 805 257 878 baec
280 807 478 877 communis
493 808 567 878 vita
592 829 653 877 seu
673 808 836 876 fortunae
851 807 1060 902 inconstan7
1109 819 1242 898 quanto
1259 816 1338 896 post
1352 819 1520 876 venturos
1534 829 1608 876 esse
1624 807 1663 875 in
1679 820 1839 898 portum,
1863 807 1928 878 ubi
1941 805 2026 878 laeti
2040 829 2100 878 ac-

92 914 131 982 tia
149 905 300 982 attrabit.
355 906 437 977 Non
458 909 553 977 enim
570 909 615 976 de
638 903 753 977 nihilo
769 908 904 978 dictum
920 919 971 976 est
987 897 1058 1000 ‹pd-
1109 907 1345 999 quiescemus,
1376 907 1414 989 {si
1435 909 1542 977 modo
1575 908 1772 978 adferemus
1791 919 1906 979 rectae
1931 908 2100 980 volunta·

90 1011 152 1182 pov
163 1007 204 1082 τὸ
218 1015 345 1109 γῆρας,
372 1005 417 1080 οὐ
431 1003 506 1105 γὰρ
521 1005 663 1104 ἔρχεται
675 1001 806 1102 μόνον.
858 1007 981 1096 Quid?
999 1006 1057 1074 ni·
1108 1008 1155 1078 tis
1169 1007 1439 1088 conscientiam,
1465 1033 1555 1102 quae
1575 1023 1712 1080 tantum
1728 1010 1863 1079 bonum
1886 1021 1954 1090 est,
1976 1007 2099 1080 utCa-

67 1099 81 1132 ⁸
112 1114 174 1180 ilne
193 1125 337 1180 movent
356 1133 461 1179 sanos
482 1132 702 1180 summorum
720 1125 760 1182 ,ct
780 1107 1058 1200 sapientissimo-
1108 1103 1236 1200 pbalus
1258 1109 1363 1178 etiam
1395 1109 1538 1200 ignarus
1565 1111 1723 1181 coelestis
1744 1109 1946 1196 doctrinae,
1978 1123 2098 1180 tamen

35 1259 36 1280 2
90 1237 155 1284 rum
175 1235 297 1280 senum
318 1212 389 1280 fata
413 1224 447 1280 et
469 1210 656 1281 interitus?
706 1207 889 1294 Herculis,
913 1205 1058 1299 Oedipi,
1109 1211 1201 1300 apud
1226 1207 1407 1278 Platonem
1431 1210 1541 1282 dicat:
1589 1215 1644 1306 τῷ
1667 1205 1708 1286 δὲ
1728 1203 1849 1330 μηδὲν
1870 1207 1992 1304 ἑαυτῷ
2016 1202 2099 1282 ddi-

90 1313 223 1396 Priami‚
254 1309 551 1401 Agamemnonis,
584 1309 689 1406 Cyri,
713 1308 854 1396 Niciae,
876 1307 1057 1394 Demadis,
1108 1333 1177 1382 κον
1187 1303 1369 1392 ξυνειδότι
1383 1305 1489 1404 ἡδεῖα
1503 1306 1600 1394 ἐλπὶς
1616 1309 1673 1386 ἀεὶ
1686 1331 1839 1410 nepsam
1845 1361 1858 1398 ,
1884 1307 1948 1385 καὶ
1966 1303 2098 1412 ἀγαθὴ
2208 1391 2210 1394 ,

88 1408 339 1496 Demosthenis,
365 1409 499 1495 Crassi,
527 1410 710 1504 Pompeii,
742 1409 918 1512 Caesaris,
947 1407 1055 1482 Cato·
1110 1405 1354 1508 γηροτρόφος.
2027 1499 2029 1506 ¹

35 1531 36 1536 ’
89 1515 149 1594 nis,
173 1512 353 1583 Ciceronis
374 1525 409 1582 et
433 1513 585 1584 aliorum
608 1511 943 1597 innumerabilium,
967 1535 1057 1604 quo·
1208 1509 1283 1580 Has
1298 1513 1501 1606 praecipuas
1518 1514 1775 1586 consolationes
1797 1539 1878 1587 cum
1894 1513 2097 1604 didicimus,

35 1603 36 1650 t
88 1639 154 1684 rum
175 1639 254 1686 curn
277 1614 438 1682 videmus
459 1636 534 1682 non
551 1615 657 1682 mo'do
682 1627 854 1682 senectam
868 1613 973 1682 fuisse
989 1611 1057 1680 mi·
1107 1627 1183 1682 tum
1205 1635 1289 1682 vero
1316 1625 1351 1684 et
1373 1615 1470 1686 iuvat
1493 1628 1529 1685 et
1548 1619 1705 1706 prodest,
1726 1618 1857 1688 addere
1872 1614 2099 1692 suavissimos

89 1739 204 1799 seram,
242 1716 303 1783 sed
332 1716 406 1784 fere
437 1727 547 1784 totam
570 1713 679 1784 vitam
702 1713 742 1782 in
765 1713 972 1804 perniciosis
995 1727 1057 1784 aut
1108 1713 1188 1782 illos
1205 1701 1391 1784 Ciceronis
1406 1725 1596 1792 sennones.
1647 1715 1697 1790 Ut
1713 1719 1807 1786 enim
1832 1715 2002 1787 arescenti
2018 1737 2098 1784 cor-

35 1823 36 1906 ]
90 1829 167 1886 certe
191 1815 381 1884 inutilibus
412 1815 700 1885 contentionibus
725 1827 944 1884 consumtam
973 1835 1057 1900 esse,
1107 1813 1187 1906 pori
1210 1815 1322 1884 victus
1344 1810 1528 1885 humidior
1550 1841 1589 1886 ac
1614 1819 1753 1888 dulcior
1773 1817 1959 1902 conducit,
1984 1817 2033 1888 ita
2058 1815 2098 1884 in

35 1923 36 1958 ³
87 1911 217 1986 hnmani
240 1916 378 2006 generis
399 1915 676 1985 imbecillitatem
691 1937 764 1985 non
781 1937 967 2006 possumus
982 1915 1057 1984 non
1107 1907 1164 1982 his
1187 1917 1373 1985 senectutis
1397 1918 1491 1986 curis
1520 1931 1554 1988 et
1582 1919 1870 1989 contentionibus
1895 1917 2098 1987 animorum

35 2031 36 2060 ¹
88 2019 267 2110 deplorare.
322 2013 396 2086 Nec
425 2017 584 2108 profecto
613 2039 714 2086 mens
744 2017 867 2106 ignara
895 2015 1057 2086 coelestis
1107 2016 1281 2086 moestitia
1305 2017 1474 2086 diluenda
1497 2029 1567 2104 est,
1588 2032 1623 2088 ct
1645 2020 1812 2110 asperitas
1833 2018 2030 2107 mitiganda
2044 2017 2099 2086 le-

35 2129 36 2136 ’
87 2119 252 2190 doctrinae
274 2141 315 2188 ac
330 2130 498 2217 reputans
512 2116 793 2208 magnitudinem
808 2137 1057 2190 aerumnarum
1108 2115 1285 2186 ctionibus
1302 2118 1538 2188 suavioribus.
1589 2115 1686 2190 Mihi
1702 2120 1846 2212 quidem
1869 2140 2098 2208 magnaevo-

87 2219 173 2288 aliter
186 2219 317 2289 sentire
333 2230 457 2309 potest,
477 2242 584 2312 quam
599 2213 800 2289 utSt'lenns
815 2231 935 2308 captus
952 2215 1057 2287 dixit:
1106 2216 1236 2308 luptati
1250 2217 1319 2288 fuit
1331 2213 1416 2288 haec
1431 2217 1578 2290 Catonis
1593 2219 1880 2290 commemoratio
1897 2219 2044 2304 relecta,
2057 2217 2098 2288 in

87 2315 393 2408 bominibuslonge
408 2319 582 2409 optimum
597 2343 671 2390 esse
690 2343 765 2390 non
780 2318 897 2404 nasci,
931 2340 1057 2389 secun-
1108 2341 1177 2411 qna
1199 2331 1252 2388 tot
1273 2333 1419 2410 magnos
1441 2319 1536 2389 viros
1558 2334 1734 2404 recenset,
1765 2344 1917 2413 quorum
1939 2319 2098 2408 exempla

88 2424 159 2489 dum
175 2445 257 2490 vero
282 2433 383 2489 natos
406 2421 475 2490 cito
498 2421 622 2493 emori.
675 2419 772 2510 Quid
788 2420 898 2512 igitur
915 2419 980 2490 illa
1000 2441 1056 2488 se·
1108 2431 1270 2504 monent,
1295 2433 1467 2512 quantum
1485 2419 1705 2494 inomnibus
1720 2420 1813 2492 ritae
1830 2420 1999 2513 partibus,
2024 2442 2100 2505 seu,

87 2523 219 2592 nectutis
233 2512 452 2616 θελκτήρια,
478 2543 568 2614 quae
585 2517 673 2592 Cato
689 2533 857 2606 recenset,
882 2531 1067 2614 quantum
1107 2533 1147 2588 ut
1169 2519 1216 2588 ita
1238 2520 1371 2606 dicam,
1392 2520 1512 2612 spatiis
1536 2522 1731 2592 moderatio
1754 2522 1866 2592 animi
1882 2519 2098 2612 praesidium

87 2623 215 2693 iurant?
266 2618 350 2692 Alia
365 2622 470 2691 nobis
485 2622 677 2692 efficaciore
696 2621 872 2693 medicina
888 2644 977 2714 opus
992 2633 1056 2708 est,
1107 2620 1163 2694 sit.
1214 2619 1396 2690 Praeclare
1412 2635 1673 2694 consenuerunt
1687 2621 1837 2708 Fabius,
1852 2619 1972 2714 Scipio
1979 2617 2098 2707 ,Lae-

86 2747 174 2816 quam
188 2724 299 2794 tradit
312 2722 472 2793 coelestis
487 2723 666 2810 doctrina,
690 2747 770 2794 cum
793 2745 913 2794 causas
930 2721 1056 2792 mortis
1106 2721 1177 2790 lius
1198 2733 1234 2791 et
1256 2721 1318 2792 alii
1341 2723 1464 2808 multi,
1489 2747 1642 2818 quorum
1664 2717 1723 2796 hic
1739 2723 1778 2796 lit
1797 2723 1945 2799 mentio.
1995 2719 2097 2812 Quid

87 2837 368 2895 etaemmn'arum
390 2836 590 2896 nostrarum
616 2823 796 2916 patefacit,
818 2837 853 2896 ot
875 2822 979 2894 certis
1002 2836 1057 2898 te-
1107 2821 1203 2892 enim
1217 2817 1274 2892 his
1297 2822 1366 2894 fuit
1385 2824 1627 2897 moderatius?
1676 2821 1848 2901 Econtra
1863 2823 2097 2906 immoderata

86 2925 241 2996 stimoniis
251 2927 345 2997 viam
356 2926 401 2994 ad
415 2925 520 2994 aliam
536 2925 816 3018 tranquilliorem
826 2925 935 3016 vitam
951 2947 1057 2994 mon·
1107 2936 1308 3014 appetentes
1324 2923 1463 3013 tragicis
1481 2925 1621 2996 casibus
1637 2926 1797 3018 oppressi
1811 2938 1917 3011 sunt,
1942 2919 2097 2994 ntCras-
2115 2960 2122 2968 ·

86 3039 164 3100 strat.
213 3025 297 3097 Non
315 3048 396 3098 casu
419 3049 460 3096 ex
476 3020 634 3119 Pyrrhae
657 3027 771 3108 saxis,
797 3040 840 3098 ut
867 3025 907 3095 in
924 3025 1056 3096 fabulis
1107 3047 1185 3110 sus,
1209 3023 1418 3116 Pompeius,
1438 3019 1634 3112 Antonius,
1661 3026 1770 3097 etalii
1787 3025 1905 3098 multi.
1954 3022 2096 3098 Horum

85 3123 212 3213 dicitur,
237 3127 313 3198 nati
333 3150 471 3211 sumus,
497 3128 558 3196 sed
573 3127 661 3198 deus
683 3151 748 3198 suo
766 3127 916 3198 consilio
929 3125 1055 3199 condi·
1106 3125 1346 3218 exemplorum
1362 3127 1515 3215 cognitio
1530 3139 1565 3198 et
1581 3127 1816 3198 consideratio
1832 3125 1938 3198 etiam
1953 3124 2096 3196 iuveni·

84 3227 127 3298 dit
144 3250 251 3320 genus
276 3223 493 3312 humanum,
516 3239 558 3298 ut
579 3243 790 3319 agnoscatur
811 3242 846 3299 et
859 3227 1056 3297 celebretur
1107 3228 1173 3296 bus
1194 3229 1348 3318 prodest.
1401 3225 1561 3299 lacienda
1585 3228 1681 3298 enim
1703 3242 1786 3301 sunt
1809 3227 2023 3322 tranquillae
2040 3247 2096 3296 se-

85 3329 154 3419 ipse.
199 3327 285 3400 Non
299 3343 393 3399 recte
411 3325 521 3418 igitur
537 3324 689 3400 Silenus
703 3331 771 3411 ait,
795 3329 971 3422 optimum
986 3323 1055 3397 ho-
1107 3342 1226 3399 nectae
1256 3328 1488 3400 fundamenta
1519 3329 1604 3399 inde
1636 3355 1749 3424 usque
1778 3331 1825 3401 ab
1851 3325 2097 3401 adolescentia.

84 3431 223 3500 minibus
243 3430 351 3510 fuisse
374 3453 448 3498 non
471 3429 578 3500 nasci.
627 3427 677 3500 Et
692 3453 894 3525 quanquam
910 3427 1055 3516 calami·-
1107 3427 1227 3516 Quare
1248 3431 1412 3522 prodest,
1445 3425 1541 3502 bunc
1557 3419 1743 3502 Ciceronis
1764 3431 1927 3504 libellum
1947 3429 2035 3524 legi,
2062 3439 2098 3498 et

83 3543 154 3600 tates
178 3532 285 3602 nobis
305 3543 424 3600 nostra
441 3530 544 3620 culpa
564 3533 829 3613 accersivimus,
855 3546 1054 3602 tamenau·
1106 3543 1207 3600 tuum
1233 3529 1422 3600 consilium
1455 3555 1494 3600 ac
1515 3534 1692 3620 studium,
1723 3526 1917 3614 Ambrosi,
1947 3549 2096 3618 magno-

82 3631 189 3701 silium
212 3631 312 3702 Dens
330 3631 437 3700 nobis
464 3631 669 3722 pollicetur,
706 3657 771 3702 nec
793 3631 954 3721 extingui
977 3631 1054 3700 vult
1106 3631 1327 3722 pereprobo.
1379 3629 1617 3723 Utilissimum
1637 3648 1687 3705 est
1710 3633 1826 3719 enim,
1845 3631 1932 3706 tales
1954 3629 2096 3702 libellos

83 3725 252 3802 bominum
271 3745 444 3801 naturam.
497 3731 596 3828 Vult,
621 3755 694 3802 esse
708 3747 826 3804 coetus
843 3732 993 3824 aliquos,
1014 3731 1054 3800 in
1106 3731 1143 3799 in
1164 3732 1330 3801 manibus
1353 3735 1593 3804 studiosorum
1621 3735 1760 3806 assidue
1790 3733 1934 3826 gestari,
1964 3732 2034 3821 legi
2055 3753 2096 3800 ae

82 3834 192 3926 quibus
207 3835 254 3904 de
270 3831 338 3904 Dei
353 3831 534 3903 voluntate
549 3847 650 3904 sonet
664 3857 747 3904 vera
762 3831 934 3904 doctrina.
1105 3831 1231 3915 edisci,
1264 3833 1346 3926 quia
1381 3846 1415 3902 et
1443 3835 1616 3928 loquendi
1641 3839 1815 3906 rationem
1841 3845 2039 3904 monstrant
2061 3843 2097 3902 ct

166 3933 290 4029 ltaque
307 3947 451 4025 propter
470 3947 541 4004 tres
563 3957 684 4004 causas
704 3935 849 4028 aliquod
864 3933 956 4004 vitae
974 3952 1053 4022 spa-
1106 3931 1246 4002 virtutis
1266 3933 1464 4003 doctrinam
1486 3937 1641 4009 tradunt.
1698 3933 1747 4006 Et
1769 3957 1878 4026 genus
1898 3931 2095 4007 enarratio-

82 4033 155 4104 tium
171 4037 369 4129 optandum
394 4047 467 4117 est,-
486 4033 668 4121 videlicet,
694 4048 735 4106 ut
749 4034 948 4106 doctrinam
970 4029 1053 4123 per÷
1106 4033 1181 4117 nis,
1206 4033 1301 4126 quod
1324 4035 1367 4102 de
1387 4034 1566 4105 dialectica
1590 4035 1753 4106 rudiores
1772 4038 1959 4120 admonet,
1982 4031 2094 4124 „adtu-

82 4137 256 4225 cipiamus‚
283 4157 353 4230 qua
371 4157 444 4204 sese
467 4133 564 4206 Deus
585 4136 768 4226 patefecit,
801 4141 836 4207 et
857 4159 926 4230 qua
946 4133 1053 4204 nobis
1104 4150 1252 4219 vatem,
1277 4149 1317 4204 ut
1332 4136 1524 4226 sententias
1539 4138 1666 4208 ordine
1681 4135 1781 4232 quasi
1801 4136 1991 4229 explicans
2011 4159 2096 4226 pro·

80 4237 299 4308 dulcissimam
314 4235 605 4306 consuetudinem
618 4259 718 4307 suam
732 4230 929 4329 promittit,
948 4233 1051 4304 dein-
1104 4235 1184 4328 pius
1206 4237 1385 4330 adspicere
1410 4237 1564 4330 possint,
1590 4251 1625 4310 et
1651 4239 1793 4324 videre,
1820 4263 1911 4332 quae
1934 4237 2094 4310 membra
2197 4259 2201 4262 ·

80 4339 130 4420 de,
150 4353 188 4408 ut
202 4335 435 4408 diuturnitate
453 4337 623 4427 temporis
644 4340 872 4408 confirmetur
890 4337 930 4406 in
946 4335 1051 4408 nohis
1104 4335 1349 4428 coniungenda
1374 4337 1463 4420 siut,
1488 4363 1578 4434 quae
1603 4337 1842 4412 distrahenda.
1892 4335 2016 4432 anue
2036 4338 2095 4407 di-

80 4433 133 4508 Dei
155 4437 307 4530 ag'nitio;
342 4451 519 4527 postremo
542 4450 581 4509 ut
601 4438 680 4508 aliis
704 4441 902 4512 doctrinam
918 4438 1050 4527 imper·
1103 4438 1248 4527 figentia
1272 4441 1385 4510 adfert
1414 4433 1505 4510 banc
1537 4441 1800 4528 dexteritatem,
1830 4453 1873 4511 ut
1893 4440 2038 4532 propria
2060 4451 2095 4511 et

80 4539 202 4620 tiamus,
211 4541 308 4634 quod
324 4540 411 4608 dum
426 4537 576 4608 facimus
589 4563 713 4630 magna
729 4539 949 4632 suscipienda
965 4549 1050 4608 sunt
1102 4536 1228 4608 melius
1243 4535 1467 4610 cohaerentia
1484 4540 1552 4632 ipsi
1568 4545 1761 4638 aliquando
1776 4541 1931 4612 scribere
1945 4540 2094 4632 possint·

78 4642 272 4726 certamina,
297 4640 408 4710 multa
431 4639 520 4710 dura
539 4642 694 4716 ferenda.
745 4639 904 4712 luterim'
919 4654 953 4711 et
968 4639 1049 4709 aliis
1101 4635 1198 4712 Bene
1212 4640 1301 4709 vale.
1351 4637 2026 4736 ExViteberga,16.Calend.Aprili.

79 4741 186 4812 officiis
202 4741 274 4812 vita
290 4741 488 4812 communis
502 4740 656 4811 iuvanda
671 4757 740 4823 est,
766 4766 855 4836 quae
877 4743 954 4812 sine
972 4765 1048 4810 ma-
1156 4781 1161 4793 ,
1524 4757 1529 4767 ‘

79 4842 143 4928 gnis
163 4841 429 4912 difficultatibus
451 4843 619 4932 praestari
639 4867 713 4912 non
730 4856 888 4934 possunt·
939 4839 1047 4932 Quod

79 4941 173 5030 igitur
204 4943 326 5014 recitat
354 4935 586 5028 Athenaeus,
625 4937 829 5039 Gorgiam,
871 4965 1047 5032 egressam
1112 5003 1167 5076 No
1193 5003 1293 5074 Νι
1789 4993 1835 5082 ¹7
1859 5009 1938 5074 mm
1962 5008 2093 5092 (δι’)

79 5065 176 5115 annos
190 5057 350 5129 centum,
376 5044 644 5134 interrogatum,
668 5071 738 5140 qua
754 5059 829 5118 arte
850 5070 891 5117 ac
909 5044 1047 5119 ratione
1108 5099 1319 5137 Μ
1804 5103 2073 5142 saw-v

78 5141 170 5216 vitam
192 5146 232 5214 in
252 5169 327 5216 eam
347 5157 520 5216 senectam
541 5148 781 5239 produxisset,
812 5145 1047 5242 respondisse,
1534 5209 1543 5226 ‚

78 5247 146 5338 quia
161 5242 254 5318 nibil
267 5245 412 5318 alterius
430 5247 531 5317 causa
549 5269 705 5340 unquam
724 5249 871 5324 fecisset.
921 5245 964 5318 ld
985 5263 1048 5321 aut
1219 5201 1257 5286 Ῑ·
1285 5201 1645 5288 Bretmne‘dm
1668 5201 1973 5360 (Plawlfflh

79 5349 371 5422 nondictumesse
386 5347 561 5439 existimo,
574 5361 636 5422 ant
650 5350 738 5422 falso
756 5350 902 5422 dictum·
934 5347 1046 5422 Multi
1141 5397 1147 5406 ·
1184 5367 1397 5450 astream,
1414 5397 1441 5450 p.
1454 5379 1515 5434 sss
