4754 5806
121 4929 129 4952 ‘
219 4916 469 5008 impedierunt
483 4915 628 4990 consilia
642 4919 856 4992 defensionis
869 4923 927 4992 vel
940 4921 1146 4996 Pannoniae
1160 4928 1216 4996 vel

212 221 265 298 so
576 319 578 324 v
683 301 690 312 ,
791 219 1227 303 rrrsrouanuu
1283 217 1393 304 ms.
1427 219 1492 298 ue
1545 221 1678 302 sees.
2147 165 2249 300 'roo

216 393 386 470 Difficiles
405 395 521 468 aditus
536 387 643 468 habet
658 391 726 467 boc
741 397 958 488 vitae'genus
972 398 1010 468 in
1027 401 1121 492 quod
1145 397 1204 468 in·
1258 390 1371 468 diunt.
1432 393 1560 468 Gallus
1584 393 1757 490 impedire
1777 409 1832 468 tot
1856 395 1926 468 lam
1949 417 2062 468 annos
2083 388 2253 468 omnibus

216 521 354 590 gressus
378 523 424 570 es.
482 499 553 570 Sed
575 514 734 591 tempore
759 513 865 570 erunt
887 501 1047 570 faciliora
1072 499 1205 586 omnia,
1258 493 1431 568 machinis
1447 511 1614 580 conatur,
1648 498 1711 594 qui
1729 497 1881 572 alieniss.
1898 498 2018 570 animo
2033 511 2086 570 est
2102 521 2123 568 a
2137 497 2255 570 nobis.
2290 589 2298 596 ⁸

217 625 334 694 neque
358 601 452 668 enim
476 601 733 670 defuturnsest
753 599 850 672 Dens
873 596 1022 673 honesto
1046 603 1205 672 consilio.
1257 594 1397 672 Omitto
1414 599 1483 669 alia
1499 599 1628 685 multa,
1660 621 1751 694 qnae
1767 601 1833 672 tibi
1849 600 1972 674 notiss.
1994 611 2088 672 sunt.
2153 597 2254 672 Bene

221 700 339 778 Audio
358 704 446 772 istuc
459 703 580 770 venire
594 693 819 772 Cornarium
839 715 873 772 et
889 704 1128 774 conditionem
1144 728 1205 772 ve·
1258 701 1348 778 vale.
1399 697 1567 778 Gettbae.
1594 701 1653 772 die
1668 697 1828 794 Georgii.
1880 697 2139 775 AnnoXLlll.

218 805 310 882 nari.
369 799 460 892 Ages
483 829 561 872 cum
587 801 629 876 D.
655 802 699 877 D.
723 799 953 897 Augustino,
989 817 1049 892 ut,
1084 803 1205 899 siqua
1822 799 2010 896 Philippus
2026 797 2203 878 Melanch.

219 906 323 976 nobis
339 905 542 974 absentibus
557 906 631 974 eius
647 907 699 974 rei
712 907 845 976 mentio
856 907 1072 992 faetafucrit,
1088 919 1207 976 osten-

219 1007 280 1078 dat
301 1007 353 1076 tui
377 1005 550 1076 rationem
574 1001 772 1076 habendam
795 1031 867 1078 esse
889 1008 1016 1098 potius.
1067 1005 1206 1078 Amabo

220 1121 272 1194 te,
296 1109 343 1176 sis
356 1109 452 1177 bono
465 1108 601 1189 animo,
629 1132 694 1178 nos
711 1125 882 1202 qnantum
899 1109 1093 1200 poterimus
1105 1110 1207 1180 dabi-
1260 1145 1326 1220 No·
1341 1149 1442 1224 2693
2108 1159 2129 1228 ὅ
2156 1153 2244 1220 Μ.

219 1233 299 1278 mus
314 1233 475 1300 operam,
508 1223 548 1280 ut
563 1209 739 1300 intelligas
755 1235 820 1281 nos
835 1211 900 1290 tibi
917 1235 958 1280 ex
974 1211 1093 1280 animo
1118 1212 1208 1281 bene
1267 1197 1454 1276 Μ’
2085 1201 2259 1276 ..ὲ-ων

220 1310 384 1382 voluisse.
436 1309 593 1381 Mittitur
607 1312 697 1382 istuc
713 1336 811 1382 meus
826 1315 950 1397 irater,
974 1311 1130 1404 quicum
1148 1337 1206 1380 ve-
1643 1317 1864 1406 Knugelp’o,

151 1458 154 1474 ·
220 1411 315 1482 uerit
330 1412 519 1502 recipiatur
535 1414 572 1482 in
589 1436 685 1496 meas
698 1416 813 1489 aedes.
864 1412 942 1484 Hoc
958 1407 1162 1484 Francisco
1176 1427 1208 1483 te
2039 1443 2044 1450 ·

219 1513 328 1582 velim
346 1511 513 1588 indicare.
563 1512 608 1588 D.
622 1511 666 1588 D.
686 1511 892 1609 Augustino
907 1515 1097 1614 plurimam
1114 1517 1209 1586 salu-
1331 1496 1694 1622 Epl'ss'lb'vlsl'm'q'
1711 1523 1747 1542 '¹'
1782 1493 2257 1569 ³¹⁶³⁸⁸¹⁰⁸f²l¹²⁰³“⁶⁰‘¹·m⁰·

220 1626 292 1685 tem
307 1613 364 1683 dic
381 1616 467 1684 meis
483 1616 618 1704 verbis,
647 1615 732 1686 Vale
749 1613 952 1691 exGottha.
1418 1586 1536 1640 ..p.‚
1573 1604 1581 1620 ⁸

1264 1719 1432 1818 Egregia
1457 1721 1585 1792 virtute
1608 1729 1640 1792 et
1665 1717 1834 1792 doctrina
1862 1720 2049 1818 praedito,
2087 1717 2260 1824 Domino

1266 1820 1500 1896 Guileimo
1520 1817 1709 1892 Franco
1732 1817 1877 1922 [Graii.
1896 1819 2167 1922 Knutelio],
2189 1822 2260 1894 Se·

220 1965 288 2042 No·
304 1968 416 2043 2692·
821 1983 879 2044 23·
896 1972 997 2056 Apelt.
1025 1975 1188 2060 (Goabsa.)
1214 2007 1217 2022 Ι
1266 1924 1422 1997 cretnrio
1437 1919 1624 2020 Principis
1637 1919 1888 2006 Nassnensis,
1914 1924 2032 1994 amico
2046 1949 2112 1994 suo
2127 1925 2262 2002 curiss.

227 2063 397 2096 »ον’-ν
812 2074 1198 2110 “Μ·
1265 2038 1310 2128 S.
1336 2059 1381 2134 D.
1432 2059 1538 2150 Quod
1560 2061 1714 2130 faustum
1731 2073 1765 2130 et
1781 2061 1864 2129 felir
1880 2061 1943 2146 sit,
1972 2059 2136 2130 venimus
2150 2056 2261 2130 Bon-

495 2153 646 2240 [vach.
680 2155 940 2249 camerario.
1266 2185 1354 2230 nom
1377 2163 1549 2254 superatis
1564 2159 1821 2232 Tencterorum
1843 2163 1989 2232 saltibus
2004 2175 2039 2232 et
2054 2161 2164 2252 iugis,
2189 2187 2262 2256 po-

333 2325 340 2344 .
847 2347 849 2354 y
932 2339 938 2353 ⁸
1218 2288 1223 2300 ¹
1265 2264 1389 2332 stridie
1423 2288 1528 2358 quarn
1558 2287 1577 2334 a
1610 2263 1712 2334 vobis
1744 2263 1977 2337 discessimus.
2043 2261 2263 2336 Scribuntur

290 2325 375 2401 ΕΜ
389 2329 424 2384 sd
439 2327 575 2390 carneres.
594 2352 619 2406 Ρ·
632 2333 736 2406 ΗΜ·
755 2333 808 2404 (⁸³⁹
822 2335 969 2395 ¹¹⁰¹⁸d⁸¹¹b·
984 2330 1031 2398 Ν·
1045 2359 1088 2412 ⁸¹²·
1100 2341 1172 2403 Μ’)
1265 2365 1357 2433 'duae
1386 2365 1519 2433 formae
1548 2359 1826 2435 Reformationis
1848 2359 2130 2450 Ecclesiasticae,
2168 2390 2262 2459 qua·

222 2475 383 2561 clariss·
409 2495 441 2556 α
466 2497 537 2585 ομ.
562 2489 639 2559 ,pm
661 2486 717 2561 10
725 2517 749 2562 a
758 2515 775 2562 ο
783 2487 875 2564 ΜΠ,
884 2521 906 2566 0
936 2489 1214 2568 camerario
1265 2490 1346 2536 rum
1368 2467 1477 2535 altera
1496 2465 1657 2555 eligenda
1679 2465 1742 2546 sit,
1770 2466 1879 2535 altera
1900 2491 1921 2534 a
1944 2463 1988 2540 D.
2004 2460 2148 2536 Bucero
2170 2467 2261 2535 sim-

393 2585 664 2686 Bamgffgmsi
683 2597 803 2665 amico
823 2619 891 2667 suo
914 2597 1042 2670 can-55·
1265 2569 1345 2660 pler
1369 2581 1405 2638 et
1426 2591 1533 2658 pura,
1564 2567 1673 2636 altera
1698 2590 1717 2636 a
1738 2557 1903 2660 Gropero
1923 2567 2060 2652 sucosa,
2088 2563 2152 2661 qui
2174 2581 2261 2638 tan-

224 2708 270 2794 S.
295 2717 341 2794 D.
393 2721 496 2792 Sensi
511 2747 568 2792 me
584 2725 733 2796 mirilico
750 2728 925 2800 desiderio
944 2745 975 2802 et
994 2731 1046 2801 tui
1063 2745 1096 2802 et
1115 2755 1214 2816 meae

221 2825 241 2891 f
299 2823 335 2891 Ἰ.
403 2823 459 2892 ,Γῇ
482 2817 501 2841 ,κ
913 2833 921 2849 ,
1018 2833 1027 2850 .
1265 2767 1337 2842 Sed
1362 2794 1499 2862 semper
1525 2763 1591 2839 hae
1620 2767 1826 2862 praestigiae
1855 2769 2008 2861 speciem
2039 2763 2173 2842 habent
2201 2793 2262 2840 sa-

239 2845 420 2892 amimea
462 2849 512 2909 cr,
553 2839 739 2920 postquam
770 2852 790 2898 a
822 2845 855 2902 te
886 2834 1040 2908 discessi.
1099 2831 1138 2903 ld
1166 2860 1214 2904 an
2369 2847 2370 2877 ¹

370 2925 378 2942 .
787 2931 797 2948 .
851 2933 860 2950 ‚
909 2935 917 2951 ,
1266 2872 1438 2962 pientiae,
1470 2883 1504 2941 et
1526 2884 1610 2958 sunt
1625 2885 1743 2960 gratae
1757 2865 1923 2946 humanis
1938 2867 2090 2941 iudiciis.
2141 2867 2261 2944 Video

223 2947 441 3016 praesagium
458 2949 530 2996 esse
545 2929 671 2998 ducam
686 2930 798 3000 futuri
812 2933 961 3004 alrcusus
977 2948 1141 3022 eventus,
1166 2960 1212 3006 an
1264 2973 1401 3066 aliquid
1415 2975 1490 3042 fore
1505 2973 1749 3046 certaminum·
1800 2971 1869 3044 Sed
1894 2995 2035 3042 oremus
2049 2968 2187 3058 Deum,
2217 2985 2263 3044 ut

224 3049 308 3095 vero
325 3029 512 3098 senectutis
525 3023 667 3116 πάθος,
694 3033 830 3106 dubito.
863 3031 979 3106 Habet
993 3036 1087 3106 enim
1102 3058 1213 3132 osop-
1260 3075 1437 3166 gubernet
1462 3075 1538 3168 ipse
1566 3098 1649 3148 su„
1673 3071 1851 3143 Ecclesiae
1875 3097 2035 3154 musam,
2075 3074 2262 3144 etlumen

223 3123 289 3226 iai
313 3129 351 3196 ³¹¹
373 3130 516 3199 ⁸⁸⁰5b¹¹³
538 3133 690 3252 ³⁰¹59r5⁸
710 3135 883 3253 ⁸5m9103·
933 3135 1003 3257 seq
1018 3135 1134 3256 Iffflm
1154 3163 1213 3209 ³⁰·
1264 3171 1468 3267 Evangelii,
1507 3197 1572 3244 nec
1594 3200 1614 3246 a
1637 3169 1834 3266 sophistis,
1868 3197 1934 3244 nee
1956 3199 1977 3246 a
2000 3171 2130 3245 Turris
2150 3173 2263 3248 obrui

225 3245 364 3300 ternum
382 3245 516 3320 patrem
533 3233 671 3302 dommi
692 3250 805 3306 nostri
823 3233 902 3307 lesu
916 3235 1049 3309 Chnsts
1065 3264 1148 3326 oro,
1172 3255 1214 3313 ut
1265 3277 1369 3352 sinat·

225 3352 291 3401 ¹¹⁰⁸
306 3344 404 3419 ’Ψ
420 3345 452 3400 ⁰¹
469 3347 594 3407 “ml
1272 3379 1276 3392 '
1348 3375 1507 3470 Principi
1523 3367 2221 3450 lllustriGulielmoComitiNassaensi
2231 3374 2264 3475 ¹)

325 3460 505 3534 Hactenus
531 3465 598 3536 iter
620 3467 686 3537 leci
708 3493 771 3560 per
793 3495 876 3542 rura
899 3469 1112 3564 Turingira,
1149 3476 1214 3548 uhi
1265 3479 1353 3550 meis
1368 3481 1486 3550 verbis
1503 3491 1704 3549 reverenter
1720 3501 1799 3568 ages
1814 3478 1956 3568 gratias.
2007 3475 2094 3550 Tibi
2115 3501 2263 3574 quoque

225 3560 294 3635 hoc
309 3567 452 3635 nomine
467 3567 605 3637 beatius
622 3569 770 3652 vivitur,
796 3575 878 3666 quia
893 3575 984 3644 nulli
999 3575 1050 3646 ibi
1064 3577 1108 3646 de
1121 3575 1214 3670 Rep.
1266 3581 1414 3673 gratiam
1444 3575 1559 3650 habeo
1589 3604 1655 3670 pro
1676 3579 1843 3650 omnibus
1866 3577 2002 3654 officiis.
2057 3575 2263 3674 Episcopus

226 3689 405 3737 sermones
422 3670 628 3764 audiuntur.
680 3669 733 3741 Te
749 3695 821 3742 non
837 3676 961 3744 dubito
978 3676 1048 3746 iam
1062 3679 1106 3746 de
1128 3703 1215 3748 con·
1267 3677 1374 3752 hodie
1402 3706 1467 3752 nos
1491 3681 1630 3752 vocavit
1654 3681 1692 3750 in
1716 3680 1871 3751 vicinam
1895 3705 2022 3755 arcem.
2080 3679 2135 3752 De
2157 3678 2263 3752 Con·

227 3781 352 3838 ventus
369 3769 482 3853 exitu,
511 3771 615 3840 foedo
640 3785 680 3842 ut
702 3787 840 3860 metuo,
865 3777 1000 3846 litteras
1026 3771 1216 3878 babere*).
1267 3798 1375 3854 ventu
1396 3781 1647 3874 Noribergeusi
1670 3807 1735 3851 nec
1758 3783 1838 3852 aula
1860 3781 1991 3854 sciebat
2009 3777 2127 3854 adhuc
2149 3783 2263 3878 quid-

228 3867 355 3960 Qualis
386 3872 433 3941 sit
463 3871 657 3942 ratiocinor
688 3898 729 3942 ex
753 3877 883 3946 caussis
909 3879 1213 3978 προηγουμέναις,
1267 3911 1373 3980 quam
1395 3887 1491 3958 certi.
1550 3883 1631 3956 Una
1653 3879 1719 3954 hac
1744 3906 1799 3952 me
1822 3883 2064 3955 consolatione
2087 3895 2263 3972 sustento,

228 3995 317 4141 auae
342 3985 445 4043 notae
468 3988 562 4048 sunt.
600 3970 701 4074 ¹lleri
725 3975 830 4048 etiarn
855 3980 1000 4073 quidam
1020 3983 1216 4056 affirmabat
1267 3990 1364 4082 quod
1391 3986 1463 4056 scio
1485 3983 1562 4054 Deo
1588 4007 1693 4055 curae
1722 4006 1795 4052 esse
1813 3979 2042 4072 Ecclesiam,
2066 4009 2173 4079 quarn
2198 3999 2265 4056 tu·

268 4073 454 4141 ranvelnm
471 4077 614 4146 dixisse:
641 4069 821 4147 Catulum
834 4075 1215 4176 hocannononposse
1267 4089 1528 4159 multuantibus
1560 4099 1595 4156 et
1627 4083 1813 4154 ruentibus
1845 4081 2007 4177 lmperiis
2043 4085 2263 4158 mirabiliter

228 4173 268 4242 in
285 4171 513 4244 Germaniam
529 4178 662 4251 venire.
698 4177 768 4250 Sed
784 4177 910 4250 Comes
924 4177 1216 4279 Suarceburgius
1268 4189 1433 4273 servabit,
1456 4187 1520 4259 etsi
1537 4187 1662 4257 ruinae
1677 4183 1911 4278 Imperiosum
1928 4211 2003 4256 eam
2018 4187 2154 4258 duriter
2169 4211 2264 4258 con-

228 4274 360 4393 aiebat,
387 4275 486 4346 brevi
501 4277 694 4350 affuturum
709 4303 798 4354 esse:
832 4295 867 4352 et
887 4283 1029 4376 quidem
1054 4311 1135 4358 cum
1156 4310 1216 4357 ex·
1268 4289 1418 4364 cutiunt.
1476 4287 1573 4359 Bene
1599 4288 1677 4357 vale
1700 4286 1879 4356 carissime
1905 4284 2098 4363 Guilelme.
2138 4287 2198 4358 die
2221 4285 2264 4362 5.

230 4389 350 4448 ercitu.
1268 4391 1370 4468 Maii.
1399 4389 1558 4466 Bonnae.

331 4505 454 4599 Relegi
478 4532 614 4600 grecam
639 4511 821 4615 epistolam
851 4516 889 4588 in
922 4516 1066 4604 itinere,
1105 4489 1216 4610 magis
1252 4591 1256 4600 ,
1776 4479 1965 4610 ΡῌΗΡΡἮ
1982 4483 2210 4564 Melanlhm'·

230 4609 348 4680 ocioso
365 4611 504 4695 animo,
530 4636 619 4705 quae
635 4615 777 4685 videtur
792 4612 884 4688 mihi
897 4621 1215 4714 quidem,·relerre

229 4711 370 4782 Libanii
388 4718 618 4808 χαρακτῆρα.
679 4713 796 4787 Miror
819 4742 890 4812 quo
913 4723 1061 4794 consilio
1083 4725 1126 4794 ad
1150 4737 1215 4794 nde

230 4815 357 4904 scripta
380 4817 435 4886 sit.
491 4814 588 4886 Nam,
607 4811 674 4888 hae
697 4821 955 4891 controversiae
978 4837 1117 4894 nostrae
1140 4849 1213 4896 non
1267 4817 1496 4912 nasset„
1878 4903 1879 4906 Ἴ
2078 4823 2257 4948 Q
2365 4773 2366 4833 l

1531 4687 1635 4700 *ἡ*

232 5017 373 5110 patriae.
437 5015 644 5112 Principum
677 5023 833 5114 privatae
862 5025 1071 5118 cupiditates
1103 5028 1216 5122 impe-
1525 4985 1727 5098 crucige?
1755 4982 1819 5067 “d
1839 4981 2006 5070 Imm·

225 5201 453 5217 ......,..-....
1335 5153 1356 5222 †
1373 5151 1411 5206 lb
1423 5148 1590 5221 subpspto
1604 5143 1746 5218 ceungeu
1759 5145 1788 5202 in
1802 5144 1867 5202 vot
1878 5145 1963 5219 Epist.
1974 5133 2107 5220 Meining.
2123 5166 2166 5221 ep.
2178 5148 2207 5204 5·

1268 5295 1473 5311 ffl-

263 5301 293 5377 *)
313 5285 445 5378 [οξυὶίατ
460 5305 494 5361 de
512 5305 638 5366 comitiis
656 5307 834 5387 Noriuberg.‚
857 5313 1006 5390 dequibus
1027 5315 1080 5375 rid.
1096 5315 1214 5376 Sleidan.
1497 5377 1504 5392 ,
1735 5374 1742 5390 ‚

296 5374 314 5432 l.
329 5375 347 5432 Ι.
365 5393 393 5448 p.
404 5374 456 5430 419
469 5393 529 5449 sqq.
1301 5381 1330 5455 1)
1349 5378 1449 5456 Spania.
1462 5377 1546 5436 edidit
1556 5377 1750 5434 Nonam
1826 5455 1832 5462 Ι

1266 2683 1342 2739 tum
1373 2669 1465 2739 ludit
1493 2669 1699 2738 excusandis
1730 2680 1765 2738 et
1796 2668 2047 2738 confirmandis
2076 2669 2261 2740 abusibus·
2369 2695 2370 2722 t
