4670 5806
69 195 140 270 tet
653 182 1094 266 EPISTOLARUM
1146 179 1252 258 LIB.
1286 179 1351 259 1x.
1406 179 1539 256 1644.
2046 191 2124 267 422

71 367 131 440 No.
145 363 259 441 2967.
919 371 978 436 20.
997 358 1067 428 lm.
1120 355 1356 428 literatorum.
1407 349 1471 426 Est
1492 353 1588 424 enim
1610 355 1793 447 ingeniosa
1815 373 1849 432 et
1869 373 1955 434 tune
1973 377 2119 458 propter

81 461 243 494 Μ
928 453 1064 482 '⁹⁹
1119 482 1203 550 opes
1237 471 1270 526 et
1302 457 1508 546 dignitatem
1544 458 1681 529 colebat
1712 462 1829 532 studia
1866 463 2048 536 literarum
2073 464 2114 562 ²).

470 543 668 660 Sinopici.
1116 558 1223 630 Nunc
1248 572 1382 630 tantam
1405 559 1626 633 literatorum
1648 563 1789 632 turbam
1808 559 2016 640 nonhabet.
2067 563 2115 640 Et

164 705 265 764 M,
282 705 383 780 ,m
401 725 429 782 ρ.
441 707 494 762 m
507 725 549 780 sq.
1117 674 1237 732 tamen
1255 661 1374 746 vides,
1397 661 1558 730 ecclesias
1574 661 1650 730 sine
1666 661 1799 748 literis,
1822 664 1898 734 sine
1914 668 2115 739 eruditione

571 765 575 772 '
1117 761 1308 853 multiplici
1330 785 1405 832 non
1431 761 1504 851 regi
1530 783 1641 852 posse.
1706 761 1803 836 Haec
1826 759 1918 834 mibi
1941 769 2113 842 scribenti

105 858 168 942 M.
192 861 416 962 Sinopici,
446 858 701 963 Philippus
725 855 784 934 M
786 854 1026 934 elantlton.
1116 864 1276 934 venitin
1298 876 1454 933 mentem
1478 861 1542 930 filii
1567 863 1637 948 tui,
1670 865 1733 956 qui
1752 886 1881 954 magno
1902 863 2111 942 ornamenti

1115 965 1258 1036 iuturus
1275 978 1349 1036 erat
1366 963 1530 1034 ecclesiae
1545 960 1631 1048 Dei,
1665 965 1695 1032 si
1718 967 1870 1041 vixisset.
1921 967 2023 1060 Rogo
2044 974 2113 1062 igi.

1114 1079 1192 1151 tur,
1223 1079 1264 1136 ut
1285 1066 1433 1156 cogites,
1468 1090 1539 1159 quo
1564 1066 1671 1136 modo
1697 1065 1871 1140 Saxoniae
1893 1073 2109 1149 consulatur.

1113 1167 1212 1240 Bene
1224 1167 1312 1238 vale.
1362 1163 1430 1237 Die
1444 1168 1505 1240 21.
1523 1164 1620 1236 lunii
1638 1163 1767 1242 1544.-

71 982 114 1072 S·
139 1000 183 1076 D.
241 998 359 1070 Deum
392 1013 576 1071 aeternum
612 1011 746 1090 patrem
772 995 921 1069 Domini
950 994 1064 1066 nostri

71 1102 146 1173 lesu
167 1099 323 1187 Christi,
365 1101 523 1172 crucifixi
546 1125 611 1193 pro
634 1100 756 1184 nobis,
794 1113 831 1170 et
854 1097 1063 1180 resuscitati,

72 1206 288 1275 conditorem
313 1199 464 1274 humani
487 1202 647 1292 generis,
687 1215 722 1272 et
750 1224 875 1272 verum
901 1213 1062 1271 autorem

71 1307 222 1395 coniugii
246 1329 286 1374 ac
308 1304 532 1374 dulcissimae
556 1303 730 1374 societatis
754 1303 861 1372 maris
881 1315 917 1374 et
935 1300 1062 1373 foemi-

17 1453 19 1458 .
70 1431 142 1492 nae,
163 1408 263 1477 unde
274 1401 468 1475 Ecclesiam
483 1405 553 1476 sibi
567 1413 773 1497 perpetuam
787 1425 981 1496 propagare
996 1426 1062 1473 vo-
1452 1447 1455 1452 -

70 1510 150 1596 luit,
173 1531 257 1592 oro,
281 1519 324 1577 ut
336 1507 408 1578 tuis
422 1508 558 1600 nuptiis
575 1507 705 1590 faveat,
730 1519 765 1576 et
778 1505 847 1576 tibi
862 1519 897 1576 et
913 1525 1062 1597 sponsae
1112 1515 1180 1591 No,
1196 1515 1310 1595 2969·
1950 1528 2008 1596 24,
2026 1525 2094 1594 hm·

70 1623 146 1680 tuae
162 1611 223 1679 det
235 1609 471 1702 tranquillum
485 1622 520 1679 et
532 1607 616 1677 felix
630 1605 850 1697 coniugium:
871 1607 962 1678 sieut
976 1629 1061 1697 pro-
1111 1613 1283 1644 Μ
1947 1617 2087 1648 ⁹⁹⁹

17 1751 18 1760 .
71 1712 162 1781 misit
177 1707 375 1795 Ecclesiae,
408 1733 444 1779 se
461 1706 547 1780 baec
561 1709 654 1780 vitae
669 1731 796 1798 genera
814 1708 987 1778 divinitus
1002 1708 1060 1775 in·
1395 1704 1544 1789 Ioach,
1574 1699 1836 1788 CamerariO.

71 1814 208 1898 stituta,
240 1814 285 1881 ad
310 1809 488 1882 Ecclesiae
512 1810 815 1881 conservationem
839 1822 1060 1880 servaturum
1180 1858 1265 1932 Epist.
1280 1859 1314 1916 ad
1327 1860 1457 1920 cnm
1481 1880 1509 1934 p.
1521 1859 1646 1932 mm
1665 1859 1929 1934 (ed.1.ont.1v.ep
1949 1860 2033 1934 334).

17 1939 18 1942 ¹
71 1935 150 1989 esse.
201 1909 278 2003 Ego
301 1913 332 1981 si
356 1935 492 2004 possem
513 1908 599 1982 hinc
621 1911 816 2002 experiari,
849 1911 938 1981 istuc
960 1909 1061 1978 veni·
1369 1943 1372 1952 ·
1458 1901 1467 1920 '
1642 1921 1649 1938 ⁸
1931 1900 1939 1918 '
2003 1903 2009 1918 '

71 2039 152 2088 rem.
219 2015 290 2086 Sed
314 2037 427 2100 nunc,
466 2028 508 2085 ut
530 2015 595 2085 scit
619 2005 806 2099 Clemens,
846 2035 903 2082 me
927 2013 1060 2082 multae
1112 2001 1338 2085 Clarissimo
1360 2012 1438 2086 viro
1464 2008 1667 2084 eruditione
1693 2009 1878 2082 steincile
1898 2016 2110 2111 praestanti

73 2139 192 2188 causae
209 2115 353 2208 publice
365 2129 400 2186 et
413 2117 579 2208 privatim
595 2116 768 2186 detinent.
1111 2110 1142 2185 I
1146 2109 1354 2185 oachimo
1381 2109 1655 2188 Camerario
1679 2106 1925 2208 Pubergensi,
1957 2111 2110 2189 Rectori
2191 2140 2198 2150 ·

118 2304 127 2316 ἱ
167 2215 325 2310 Expecto
350 2231 544 2287 conventus
566 2213 755 2313 Spirensis
777 2218 936 2301 decreta,
970 2237 1060 2308 quae
1210 2209 1432 2287 Academiae
1446 2211 1640 2315 Lipsicae,
1666 2212 1785 2285 amico
1800 2240 1868 2285 suo
1884 2215 2011 2288 coriss.
2093 2247 2095 2252 ·

72 2335 187 2390 tamen
204 2342 306 2412 spero
323 2319 515 2412 tranquilla
529 2321 617 2392 fore.
675 2317 766 2388 Nam
783 2313 899 2388 adbuc
916 2316 1059 2410 quidem
1111 2329 1228 2424 5⁸1).
1283 2348 1390 2440 Quod
1414 2351 1453 2418 in
1476 2350 1538 2419 ffla
1561 2348 1676 2442 prim,
1702 2348 1873 2420 concione
1892 2352 2013 2440 generi
2038 2347 2107 2423 hu,

74 2445 144 2512 spes
167 2435 239 2505 esi,
272 2419 523 2512 44441444444044444
547 2416 866 2510 4414114141844414111
890 2419 1061 2488 1111101111·
1111 2475 1218 2522 mano
1239 2453 1492 2522 denunciatum
1514 2463 1582 2536 est,
1613 2449 1865 2522 insidiaturum
1886 2475 1959 2522 esse
1980 2449 2106 2524 Eccle-

74 2536 136 2591 11111
151 2523 397 2612 ‘uulgatum'
414 2544 503 2592 ‘⁵⁸⁰²
530 2517 599 2591 11111
614 2531 684 2606 111’
710 2521 1061 2590 10111111111111111111·
1113 2553 1184 2624 siae
1208 2555 1370 2623 calcaneo
1385 2551 1605 2636 Draconem,
1635 2551 1673 2620 id
1696 2551 1860 2622 atrociter
1882 2553 1974 2638 fieri,
2000 2577 2106 2624 even-

76 2623 180 2692 sionis
200 2635 358 2708 nostrae,
390 2647 480 2716 quae
503 2623 683 2738 Augustae
706 2617 863 2740 exhibita
885 2634 953 2705 est,
971 2645 1060 2740 ‘non
1112 2669 1169 2725 ,us
1185 2655 1351 2729 ostendit·
1400 2653 1757 2725 gedoremusfilfum
1770 2649 1858 2738 Dei,
1878 2659 2107 2747 quemadmo.

75 2738 435 2816 essepersecnturum.
486 2712 666 2794 Clementi
689 2724 876 2792 consilium
899 2725 1061 2792 dedrmus
1113 2757 1200 2826 dum
1221 2757 1274 2824 ibi
1297 2779 1439 2851 quoque
1461 2755 1699 2846 promittitur,
1732 2769 1774 2826 ug
1796 2757 1978 2828 conculcet
2003 2775 2107 2848 caput

74 2823 114 2899 D·
127 2825 256 2944 41443404
268 2839 302 2944 444
318 2847 392 2944 4844,
418 2841 458 2896 444
472 2851 553 2944 4444444
567 2827 612 2896 4441
630 2837 664 2894 141
678 2823 929 2942 4141111111111111·
970 2821 1061 2941 Nam
1113 2857 1297 2928 Draconis.
1347 2853 1425 2927 Hac
1447 2857 1657 2945 cogitatione
1681 2855 1827 2924 nisime
1850 2870 2107 2954 utcunquesu-

76 2928 186 2997 subrto
219 2929 382 2996 ordinari
415 2929 567 3018 publrcrs
600 2946 810 2996 ceremonns
836 2949 911 2994 non
930 2937 1062 3016 potuit,
1113 2971 1321 3041 mutarem,
1351 2981 1392 3026 ex
1408 2952 1561 3026 hafflig,
1578 2956 1805 3030 discederem,
1857 2956 1948 3026 Nam
1964 2963 2008 3030 gd
2025 2963 2107 3030 vul.

76 3043 188 3118 postea
205 3053 289 3098 vero
304 3027 462 3098 remittes
476 3051 572 3098 eum:
598 3029 657 3098 sed
668 3025 862 3096 Ecclesiam
878 3029 976 3096 decet
990 3027 1062 3094 lar·
1113 3083 1200 3140 nus,
1241 3059 1338 3152 quod
1365 3057 1554 3128 domestica
1580 3052 1672 3124 mihi
1700 3058 1880 3126 calamitas
1906 3061 2006 3144 fecii,
2047 3088 2106 3133 gc,

76 3130 378 3217 84449444444444444
429 3127 635 3214 Benevole,
662 3127 934 3214 11111111·1111111’
954 3126 1061 3197 1111110
1114 3161 1217 3232 cessit
1238 3161 1406 3244 alterum,
1439 3157 1668 3251 Hieronymo
1681 3151 1979 3252 Poumgortnero
1995 3180 2107 3254 capto,

78 3228 182 3305 11114·
1115 3287 1220 3356 quem
1243 3261 1365 3330 multis
1389 3262 1432 3329 de
1455 3261 1584 3330 earrssis
1608 3283 1690 3328 vere
1714 3275 1811 3332 etex
1837 3263 1956 3332 animo
1982 3265 2104 3354 diligo.

1116 3365 1233 3452 Quem
1247 3363 1342 3434 enim
1359 3363 1433 3430 ulla
1450 3363 1487 3430 in
1503 3363 1642 3430 civitate
1657 3361 1774 3432 virum
1792 3365 1919 3434 melius
1940 3365 2104 3438 meritum

1116 3467 1159 3535 de
1175 3489 1237 3535 sua
1252 3463 1342 3556 Rep.
1358 3465 1401 3532 de
1415 3459 1586 3548 Ecclesia,
1614 3465 1657 3531 de
1671 3464 1799 3534 studiis
1815 3467 2023 3551 litterarum,
2045 3483 2107 3540 aut

76 3599 261 3678 Nogofig,
799 3567 808 3578 “
910 3607 1049 3678 2le
1115 3568 1227 3656 magis
1261 3579 1427 3634 ornatum
1459 3565 1657 3635 domesticis
1693 3566 1885 3636 virtutibus
1921 3569 2105 3639 nominare

80 3699 245 3751 *ἵν
375 3729 385 3736 -
893 3699 1063 3728 »ον-ν
1115 3667 1326 3759 possumus?
1356 3691 1397 3735 ac
1411 3665 1565 3735 vicissim
1582 3665 1642 3735 ille
1660 3687 1725 3736 nos
1740 3667 1867 3756 diligit.
1925 3667 2006 3737 Non
2026 3695 2106 3760 pos·
2180 3697 2187 3706 ·

426 3784 484 3870 N,
513 3784 715 3873 Medlepo·
1116 3792 1195 3840 sum
1211 3769 1319 3858 igitur
1336 3791 1410 3837 non
1425 3763 1651 3840 vehementer
1666 3769 1785 3837 dolere
1805 3770 1915 3860 talem·
1928 3784 1962 3840 et
1977 3769 2106 3842 l'irum

1115 3884 1150 3941 et
1164 3872 1314 3940 amicum
1331 3869 1522 3938 intantum
1540 3870 1730 3937 discrimen
1745 3871 1892 3939 venisse.
1948 3867 2025 3940 Etsi
2042 3899 2107 3943 au-

140 3947 620 4090 libididiiitif'pliiii,
633 3946 1065 4089 iili..i.ai.⁵il.²³.⁰.'¹.⁸t,biii
1115 3986 1184 4042 11444
1208 3993 1280 4039 11011
1305 3970 1452 4052 darbito,
1478 3969 1647 4040 custodiri
1664 3993 1743 4037 44444
1759 3994 1778 4038 4
1794 3969 1870 4039 1144
1885 3984 2027 4041 aeterno
2043 3999 2106 4066 pa-

173 4088 288 4160 epse,
307 4105 381 4146 auno
392 4105 421 4140 er
435 4088 529 4142 eodem
544 4088 639 4143 codice
654 4097 778 4142 accurate
791 4087 936 4160 descripta.
1116 4087 1169 4143 tre
1182 4069 1329 4141 Domini
1345 4070 1458 4139 nostrl
1473 4067 1552 4138 lesu
1569 4065 1721 4153 Chrlsll,
1746 4094 1851 4164 quem
1870 4073 1961 4142 verls
1980 4075 2105 4146 officlls

405 4243 412 4260 ,
1096 4235 1098 4240 2
1117 4173 1227 4244 coluit
1243 4185 1276 4241 et
1291 4171 1391 4255 colit,
1417 4187 1533 4241 tamen
1545 4171 1726 4263 pericula,
1751 4197 1841 4265 quae
1857 4187 1941 4243 sunt
1956 4176 2003 4246 ob
2020 4202 2106 4248 ocu-

346 4237 520 4332 1111111111
531 4268 552 4314 ⁰
577 4239 794 4314 1111111111)
1115 4277 1188 4360 los,
1213 4269 1304 4342 mibi
1321 4285 1353 4342 et
1371 4287 1502 4342 metum
1519 4286 1552 4341 et
1567 4296 1764 4344 moerorem
1781 4289 1921 4364 augent.

81 4355 120 4443 S.
143 4375 191 4452 D.
238 4373 317 4448 Etsi
332 4378 478 4446 memini
495 4378 581 4472 quid
598 4371 688 4448 mihi
704 4375 927 4469 responderis
943 4378 986 4446 de
1003 4399 1067 4445 ne·
1219 4374 1260 4444 ln
1276 4374 1417 4466 Splenis
1432 4374 1596 4463 regione,
1622 4377 1717 4466 quod
1734 4376 1890 4460 mireris,
1913 4394 2106 4470 eruperunt

81 4481 171 4564 gotio
195 4475 462 4548 Brunsoicensi
485 4494 602 4550 tamen
628 4505 709 4549 cum
734 4503 848 4571 nuper
873 4484 995 4548 rursus
1021 4479 1065 4547 ad
1116 4477 1156 4546 in
1176 4491 1324 4569 utraque
1348 4489 1447 4566 parte
1473 4479 1651 4556 κενεῶνος
1676 4471 1767 4544 mibi
1794 4479 1974 4568 pustulae,
2015 4483 2106 4550 tanti

83 4604 133 4648 me
155 4571 325 4651 scriberet
341 4579 491 4650 Senatus
507 4579 797 4666 Bruusvicensis,
828 4579 927 4649 volui
949 4573 1066 4650 adbuc
1116 4591 1233 4649 motus
1249 4591 1329 4646 sunt
1345 4591 1439 4646 atrae
1455 4577 1554 4662 bilis,
1583 4601 1671 4668 quos
1686 4591 1824 4647 tantum
1842 4581 1945 4651 dolor
1962 4582 2040 4658 ciet.

82 4682 146 4751 tibi
173 4682 466 4752 deliberationem
494 4681 669 4772 integram
697 4682 912 4774 relinquere.
986 4679 1068 4751 Sta·
1217 4675 1266 4748 Et
1285 4674 1340 4746 his
1361 4679 1486 4747 diebus
1503 4673 1570 4748 hoc
1586 4679 1805 4762 incommodi
1822 4683 1981 4753 accessit:
2013 4707 2110 4753 nun-

83 4795 154 4852 tucs
176 4807 278 4874 ergo,
310 4796 346 4853 et
367 4784 412 4854 ad
438 4782 607 4854 Senatum
631 4784 756 4874 ipsum·
772 4781 1067 4854 Brunsvicensem
1117 4771 1211 4852 cium
1227 4795 1306 4850 ante
1322 4783 1441 4877 decem
1457 4780 1531 4849 dies
1548 4780 1592 4850 ad
1607 4776 1791 4850 Sabinum
1808 4784 1907 4864 misi,
1928 4776 2109 4879 uterpooi-

84 4885 208 4955 scribes
220 4881 248 4982 ²)
269 4885 308 4952 in
329 4879 385 4952 his
405 4885 590 4958 nundinis.
642 4880 809 4975 Optarim
830 4881 886 4954 illi
904 4883 1068 4954 ecclesiae
1116 4909 1185 4978 μια
1201 4885 1244 4951 de
1261 4878 1379 4951 schola
1395 4882 1426 4950 ei
1443 4881 1594 4952 afferret.
1651 4880 1685 4954 ls
1707 4886 1867 4954 nondum
1890 4886 2013 4970 rediit,
2045 4880 2111 4954 hac

85 4985 151 5054 imo
167 5001 200 5056 et
217 5011 299 5056 orae
316 4984 489 5056 Saxoniac
505 4985 569 5056 toti
588 4987 677 5054 bene
695 4985 907 5060 consultum.
966 4982 1068 5056 Olim
1117 5009 1216 5056 mora
1227 4983 1328 5052 valde
1341 4983 1489 5056 crucior.
1516 4982 1586 5053 Sed
1601 4983 1768 5075 suspicor,
1783 4986 1846 5054 etsi
1860 4988 1971 5054 multa
1985 4986 2111 5074 cogito,

86 5108 121 5153 ea
145 5088 241 5157 natio
269 5086 354 5156 vicit
382 5089 555 5181 reliquam
579 5085 809 5158 Germaniam
838 5087 1068 5160 multitudine
1119 5090 1164 5160 ad
1179 5109 1241 5156 vos
1258 5085 1401 5155 missum
1419 5107 1491 5155 esse
1511 5085 1557 5154 ab
1575 5084 1670 5175 ipso,
1703 5100 1745 5156 ut
1762 5087 1927 5157 ancillam
1947 5098 2109 5162 accersat.

89 5253 287 5268 w

118 5347 142 5410 1)
161 5341 311 5400 Zsebeicbs.
324 5343 470 5398 mendose:
489 5346 619 5400 scribere.
880 5403 882 5410 ,
1014 5379 1019 5388 -
1156 5347 1183 5417 2)
1205 5345 1341 5402 lis-tenim
1354 5349 1407 5397 etc.
1423 5340 1577 5399 Zscbeicbs.
1589 5341 1779 5415 praetermisit.

1314 5409 1394 5488 27*
