4722 5808
209 249 285 328 aas
791 176 1224 318 urrsrouanuu

213 437 351 497 vestrae
376 419 601 494 dulcissimae
621 419 775 512 nuptiis,
799 431 841 490 ut
862 443 940 490 eam
956 431 1054 508 regat
1068 441 1108 488 ac
1122 439 1209 486 con-

214 539 348 611 servet,
370 539 412 596 ut
433 524 472 592 in
495 521 660 613 coniugio
685 521 880 616 tranquillo
897 535 932 591 et
946 521 1040 590 felici
1057 519 1211 590 celebret

216 643 252 702 et
272 617 415 698 invocet
428 623 564 710 Deum,
589 637 624 696 et
642 624 674 694 ei
696 625 855 694 membra
871 622 1049 694 Ecclesiae
1072 623 1209 692 educet.

215 727 345 804 Amen.
395 725 492 797 Haec
517 749 596 796 mea
621 739 703 796 vota
729 749 866 818 semper
896 739 1001 796 erunt
1028 725 1122 816 apud
1148 747 1211 792 ve-

216 823 429 928 stras(?)*),
452 830 512 898 sed
528 831 643 899 deme
661 830 737 921 ipso
751 829 913 922 polliceri
928 841 1021 897 certo
1040 851 1114 897 non
1128 847 1211 914 pos-

199 961 313 1016 sum,
351 957 397 1003 an
422 931 575 1024 nuptiali
598 955 750 1023 pompae
771 933 890 1001 adesse
914 931 1057 1022 possim.
1108 925 1212 998 Reti-

215 1061 305 1108 neor
339 1036 434 1105 enim
461 1033 678 1126 reipublicaie
701 1047 843 1104 nostrae
866 1033 1027 1121 negotiis.
1086 1028 1212 1098 Valete

213 1139 376 1232 feliciter,
426 1133 508 1211 Dat.
525 1133 759 1248 Witebergae
776 1135 838 1212 98.
854 1133 934 1210 lun.
957 1158 1052 1204 anno
1077 1127 1188 1206 1545.

215 1479 284 1554 No.
300 1476 413 1553 3207.

223 1576 396 1608 W

1048 1473 1106 1555 (m.
1131 1470 1215 1551 a..)

1035 1561 1207 1592 m

603 1658 640 1748 Ι.
672 1656 830 1740 Mente.

286 1835 306 1901 †
325 1826 364 1882 Ex
377 1820 545 1895 autographo
556 1820 756 1889 Melanthonir,
774 1818 841 1874 mibi
853 1818 936 1872 misso
950 1835 965 1871 a
978 1811 1215 1883 clarueratqu-

321 1897 392 1966 hoff,
410 1890 589 1949 Beroliuensi.

217 2035 443 2116 Clarissimo
468 2031 545 2104 uiro
567 2026 769 2102 eruditione
792 2039 822 2100 et
852 2028 980 2098 uirtute
1007 2023 1220 2124 praestanti

217 2142 273 2216 D.
298 2139 328 2213 I
333 2147 436 2212 usto
461 2131 519 2208 M
521 2134 595 2205 eni
602 2159 623 2204 o
647 2128 802 2203 Pastori
833 2127 1024 2200 Ecclesiae
1056 2123 1218 2198 Isenna-

462 2235 578 2310 censis
605 2235 725 2306 amico
750 2257 818 2306 suo
845 2231 973 2304 curies.
1001 2315 1008 2329 ἱ

218 2360 264 2452 S.
290 2377 337 2454 D.
390 2373 579 2450 Carissimo
600 2373 635 2444 d.
659 2367 773 2445 Iuste.
825 2368 916 2461 Sepe
938 2370 981 2438 de
1002 2365 1091 2436 meis
1112 2363 1218 2432 mise-

220 2485 285 2557 riis
297 2481 471 2571 cogitans,
496 2489 617 2566 repeto
634 2473 795 2543 omnium
819 2484 974 2540 aetatum
995 2464 1163 2538 historias
1184 2477 1217 2534 et

222 2585 392 2676 exempla.
450 2577 635 2666 Quantum
668 2577 829 2646 dolorem
858 2572 983 2664 primis
1009 2567 1219 2662 parentibus

221 2687 341 2762 attulit
362 2685 464 2754 furor
481 2677 590 2765 Cain,
614 2675 747 2748 Davidi
769 2671 979 2760 Absalonis‚
1002 2671 1097 2766 Cyro
1112 2667 1220 2740 Cam-

221 2791 341 2886 bysis‚
375 2767 566 2856 Artaxerxi
586 2776 707 2851 Ochi?
758 2773 1002 2869 Agnoscamus
1023 2775 1131 2864 igitur
1152 2793 1220 2840 nos

223 2889 389 2964 homines
411 2909 504 2971 esse,
530 2907 662 2954 mersos
683 2883 722 2951 in
743 2893 926 2974 peccatum
944 2893 975 2948 et
994 2877 1109 2946 varias
1127 2875 1220 2944 cala-

224 2995 383 3076 mitates,
419 3002 455 3060 et
478 3003 637 3080 petamus
658 2985 831 3056 auxilium
853 3008 873 3052 a
895 2983 970 3051 lilio
993 2980 1051 3049 dei
1073 2976 1219 3047 domiuo

225 3109 348 3170 nostro
377 3091 458 3163 lesu
483 3085 639 3164 Christo.
697 3085 751 3159 De
784 3086 859 3155 lilio
890 3099 952 3156 tuo
982 3077 1099 3152 adhuc
1131 3079 1221 3148 bene

227 3224 342 3294 spero.
393 3194 465 3266 Sed
485 3192 515 3262 si
538 3207 589 3262 est
613 3214 695 3260 vere
709 3187 844 3260 Martia
864 3201 1011 3270 natura,
1036 3206 1110 3251 non
1125 3203 1223 3250 acer-

227 3305 317 3374 rime
331 3317 580 3390 repugnemus.
617 3289 740 3386 ltaque
756 3291 901 3380 genesin
916 3283 1008 3357 mihi
1023 3283 1116 3354 mitti
1131 3283 1224 3354 volo.

228 3401 383 3476 Moveor
407 3411 490 3467 nota
515 3395 623 3490 quam
644 3395 682 3462 in
707 3395 796 3462 facie
820 3389 945 3476 hahet;
974 3390 1033 3458 sed
1055 3386 1085 3454 si
1103 3398 1154 3454 est
1168 3385 1226 3452 iu*

230 3505 359 3579 venilis
381 3499 574 3594 cupiditas,
606 3495 754 3567 omnino
782 3495 955 3564 frenanda
974 3504 1036 3560 est.
1094 3484 1142 3556 Et
1163 3487 1227 3554 ad-

230 3603 303 3680 huc
321 3607 463 3676 frenum
487 3599 722 3670 iniiciendum
745 3621 818 3666 esse
842 3619 977 3666 censeo.
1037 3585 1227 3660 Eusebius

233 3721 328 3782 amat
342 3709 464 3778 literas
479 3717 513 3774 et
526 3703 698 3772 foeliciter
712 3699 827 3770 discit.
878 3695 918 3769 si
932 3692 962 3764 I
959 3691 1077 3765 ustini
1093 3691 1229 3783 genesis

233 3835 317 3883 vere
337 3807 470 3881 Martia
489 3817 559 3889 est,
585 3804 722 3896 aliquid
744 3800 885 3872 consilii
903 3798 1139 3892 reperiemus,
1164 3817 1230 3862 nec

234 3913 475 3986 festinandum
488 3899 692 4000 censeo**).
737 3903 853 4002 ¹Mitto
867 3902 932 3972 tibi
948 3901 1052 3980 odas,
1080 3919 1231 3992 quarum

236 4017 425 4088 lectionem
447 4033 548 4104 spero
570 4009 638 4081 tibi
666 4032 741 4079 non
774 4007 958 4076 insuavem
988 4003 1075 4076 iore.
1134 3997 1232 4068 Bene

238 4119 329 4191 vale·
751 4205 942 4302 Philippus
956 4199 1183 4277 Melanthon.

1052 4643 1223 4674 m

628 4737 860 4824 Turnovio.

313 4885 492 5018 Melhselm'
506 4881 624 5022 eppsst.)p.
638 4881 698 4938 902.
716 4878 831 4951 Epistol.
846 4877 893 4932 lib.
903 4877 924 4932 l.
939 4895 966 4948 p.
981 4877 1041 4932 407.
1060 4877 1140 4948 (edit.
1148 4875 1237 4931 Lond.

370 4963 378 5015 i
400 4995 407 5014 .
438 4995 446 5012 .
463 4973 506 5028 ep.
572 4989 603 5008 ..

246 5084 467 5112 ....----

281 5163 312 5231 att)
329 5161 458 5216 Fortasse
471 5145 583 5203 excidit:
599 5145 724 5212 nuptias.

281 5247 331 5317 ss)
356 5241 420 5298 Vid.
440 5236 473 5290 de
490 5231 582 5313 genesi
601 5225 845 5312 filiorumMenii,
869 5225 978 5280 Eusebii
1001 5235 1027 5279 et
1050 5225 1160 5294 lumini,
1181 5231 1241 5302 epi.

318 5314 389 5373 stols
404 5302 591 5362 Melantboms
609 5299 643 5352 ad
663 5297 789 5351 Meuium
814 5297 874 5350 data
894 5296 921 5350 d.
943 5296 970 5349 9.
989 5294 1082 5366 Septb.
1104 5297 1195 5360 1⁵⁴5..
1213 5319 1243 5353 ex

317 5403 371 5459 qus
383 5371 561 5445 intelligitur,
570 5370 640 5425 hanc
653 5365 793 5439 epistolam
808 5365 865 5420 fere
880 5382 974 5418 mense
988 5364 1068 5419 lunio
1082 5365 1157 5424 ests.
1172 5369 1243 5424 scri·

318 5465 394 5528 ptam
408 5462 475 5503 esse.

1286 240 1396 318 LIB.
1431 239 1496 320 1x.
1549 237 1685 318 1645.

1535 411 1778 488 Tarnovio
1802 409 1982 488 Poiono

1257 543 1302 634 S.
1328 559 1373 634 D.
1423 556 1691 658 Sigismundus
1716 553 1938 634 Pannonius
1964 564 2087 636 scribit
2103 561 2196 636 mihi
2220 589 2256 635 se

1258 679 1419 737 amanter
1436 692 1456 736 a
1471 681 1504 737 te
1520 679 1703 758 exceptum
1720 690 1811 752 esse,
1837 681 1967 760 tuaque
1989 669 2162 740 suavitate
2179 693 2258 738 mo-
2343 725 2344 732 ,

1259 770 1397 841 lestiam
1419 782 1491 838 tam
1512 769 1612 860 longi
1633 768 1771 838 itineris
1786 770 1937 840 levatam
1954 794 2037 844 esse.
2089 767 2170 842 Etsi
2193 796 2258 841 au·
2343 773 2344 778 ’

1261 886 1332 942 tem
1356 871 1428 941 scio
1449 884 1483 941 te
1508 871 1650 942 virtutis
1670 885 1705 941 et
1719 869 1952 963 Reipublicae
1969 897 2073 944 carisa
2087 874 2206 944 bonos
2227 887 2260 943 et

1260 975 1382 1044 doctos
1395 973 1491 1044 viros
1507 974 1710 1066 complecti:
1736 987 1856 1042 tamen
1872 988 1906 1045 et
1921 998 1987 1044 nos
2003 975 2259 1066 gratitudinem

1260 1078 1444 1146 ostendere
1460 1077 1570 1150 decet.
1623 1073 1743 1164 Quare
1757 1075 1824 1145 tibi
1840 1077 1968 1166 gratias
1981 1102 2064 1168 ago,
2091 1091 2127 1148 et
2144 1080 2189 1148 de
2198 1073 2262 1147 Si-

2179 243 2257 320 ..ο

1260 1172 1456 1274 gismundi
1477 1178 1647 1267 gravitate
1678 1177 1867 1269 polliceor,
1901 1182 2057 1252 studium
2086 1181 2164 1250 eius
2196 1204 2262 1248 nec
2344 1241 2345 1254 2

1263 1282 1328 1352 tibi
1345 1305 1410 1350 nec
1426 1277 1661 1371 Reipublicae
1675 1281 1879 1350 defuturum
1897 1306 1982 1356 esse.
2032 1281 2138 1352 Nunc
2152 1283 2260 1351 aliam

1263 1386 1308 1452 ad
1330 1395 1364 1452 te
1387 1405 1527 1452 causam
1547 1383 1679 1454 adfero.
1731 1379 1829 1452 Civis
1849 1381 2101 1454 Posnaniensis
2127 1377 2264 1452 Petrus

1263 1479 1429 1554 Potitoct
1460 1483 1590 1574 litigat,
1623 1509 1703 1553 eum
1734 1485 1963 1580 nescioquo,
1995 1500 2031 1556 et
2053 1487 2093 1555 in
2124 1487 2262 1556 iudicio

1264 1585 1500 1656 Posnaniensi
1521 1587 1623 1670 vicit,
1656 1610 1765 1678 quare
1789 1588 1854 1656 etsi
1875 1613 1931 1656 me
1954 1612 2029 1658 non
2048 1589 2141 1658 facio
2165 1589 2263 1658 iudi-

1265 1713 1360 1770 cem,
1394 1701 1514 1758 tamen
1537 1711 1684 1757 moveor
1706 1688 2099 1760 iudiciiPosnaniensis
2118 1704 2266 1760 senten·
2345 1685 2346 1696 ’

1264 1792 1331 1872 tia,
1357 1803 1398 1860 ut
1419 1791 1614 1860 existimem
1639 1805 1720 1860 eum
1746 1791 1874 1862 iustam
1896 1815 2036 1862 causam
2059 1793 2265 1865 defendere.

1263 1891 1371 1963 Nunc
1394 1916 1478 1961 vero
1501 1916 1556 1962 res
1579 1893 1709 1962 iterum
1730 1893 1769 1960 in
1794 1895 2142 1984 aulacognoscctur.
2194 1893 2265 1964 Hic

1265 2009 1300 2065 te
1313 2017 1528 2086 magnopere
1543 2017 1648 2085 rogo,
1676 2008 1762 2065 utet
1778 2020 1843 2086 pro
1857 2009 1917 2066 tua
1932 1997 2066 2068 iustitia
2090 2012 2126 2068 et
2142 2011 2266 2068 nostra

1266 2095 1420 2168 amicitia
1445 2095 1623 2188 perficias,
1653 2110 1695 2166 ut
1719 2092 1778 2165 hic
1801 2089 1931 2168 Petrus
1961 2123 2037 2168 non
2066 2101 2183 2190 gratia
2206 2113 2267 2170 aut
2346 2175 2347 2178 ,

1266 2198 1424 2290 potentia
1455 2211 1652 2290 superetur.
1711 2195 1889 2290 Cephalus
1909 2199 2037 2296 Lysiae
2056 2216 2159 2294 pater
2181 2203 2268 2272 civis

1266 2297 1407 2372 Atticus
1430 2300 1587 2391 locuples
1612 2299 1777 2390 inprimis
1807 2302 1978 2391 gloriatus
2006 2317 2075 2388 est,
2106 2327 2146 2373 se
2170 2329 2268 2376 nuu-

1268 2427 1376 2496 quam
1397 2415 1560 2472 vocatum
1585 2425 1658 2471 esse
1682 2401 1722 2471 in
1744 2403 1885 2478 iudicia.
1939 2403 2045 2475 lllum
2069 2405 2270 2477 liberalitas

1268 2507 1415 2576 fortasse
1446 2504 1613 2595 periculis
1644 2504 1829 2590 liberavit,
1869 2531 1926 2576 me
1957 2507 2014 2576 vel
2038 2508 2268 2580 imbecillitas

1269 2607 1400 2690 animi,
1421 2606 1746 2678 velinertiaasoro
1763 2609 1927 2683 deterret.
1976 2606 2050 2678 Nec
2074 2610 2180 2700 litigo
2206 2636 2268 2681 nec
2347 2603 2348 2642 ³

1270 2709 1445 2778 admisceo
1468 2731 1525 2777 me
1545 2708 1747 2778 forensibus
1771 2711 1902 2796 causis,
1934 2712 1992 2780 sed
2017 2725 2137 2782 tamen
2162 2715 2270 2784 ut.de

1270 2807 1338 2881 hoc
1355 2810 1496 2897 negotio
1519 2811 1565 2878 ad
1581 2824 1615 2880 te
1628 2810 1798 2896 scribam,
1824 2835 1950 2902 magna
1969 2826 2003 2882 et
2025 2815 2144 2902 gravis
2169 2839 2271 2886 causa

1271 2925 1333 2983 est.
1384 2905 1516 2981 Petrus
1531 2912 1592 2980 ille
1602 2905 1774 2982 Potitoct
1789 2914 1905 2982 affinis
1927 2927 1978 2983 est
1995 2915 2063 2983 viri
2082 2917 2272 2986 clarissimi

1271 3015 1318 3088 D.
1340 3007 1518 3108 Gregorii
1538 3006 1707 3082 Pontani
1730 3013 1994 3095 Iurisconsulti,
2023 3017 2125 3087 cuius
2154 3023 2271 3089 estin

1273 3113 1330 3186 his
1353 3117 1560 3208 regionibus
1583 3116 1772 3208 praecipua
1794 3117 1997 3216 autoritas,¹
2006 3119 2103 3212 quod
2125 3123 2219 3192 scire
2240 3139 2273 3193 te
2348 3123 2349 3184 ἒ

1275 3219 1452 3304 arbitror,
1478 3219 1538 3288 sed
1555 3218 1586 3286 si
1594 3218 1666 3286 vim
1683 3219 1837 3308 ingenii,
1854 3221 2083 3311 sapientiam,
2097 3223 2274 3316 eloquen-

1276 3323 1382 3402 tiam,
1407 3321 1643 3410 integritatem
1661 3319 1736 3390 eius
1758 3345 1895 3408 nosses,
1922 3323 2023 3392 valde
2047 3347 2130 3392 eurn
2148 3327 2275 3417 dilige-

1276 3447 1351 3504 res,
1386 3436 1421 3492 ct
1441 3422 1592 3490 similem
1619 3423 1775 3516 antiquis
1803 3425 1875 3494 illis
1906 3425 2159 3496 laudatissimis
2189 3430 2275 3500 viris

1278 3526 1428 3606 diceres,
1444 3523 1576 3593 Laeliis
1591 3520 1850 3596 autAristidae.
1895 3523 1977 3595 Tuo
1993 3527 2098 3596 etiam
2116 3529 2275 3618 ingenio,

1280 3628 1376 3720 quod
1401 3627 1599 3696 multorum
1624 3650 1786 3697 sermone
1811 3628 1982 3698 celebrari
2011 3631 2131 3712 audit,
2167 3634 2274 3706 favet.

1279 3728 1350 3800 Hic
1374 3753 1454 3799 cum
1475 3740 1592 3821 petat,
1618 3729 1658 3796 in
1684 3752 1786 3799 causa
1815 3731 1905 3799 iusta
1930 3753 2006 3799 non
2030 3733 2149 3802 deseri
2173 3759 2275 3808 suum

1281 3832 1443 3915 affinem,
1478 3830 1703 3923 ctiamatque
1725 3831 1829 3902 etiam
1854 3856 1938 3912 oro,
1963 3845 2002 3902 ut
2026 3857 2105 3916 cum
2128 3855 2278 3932 propter

1283 3957 1443 4017 causam,
1466 3945 1544 4002 tum
1560 3956 1643 4001 vcro
1661 3947 1806 4025 propter
1822 3927 2036 4004 Portunum
2061 3949 2096 4004 ct
2118 3955 2278 4012 nostram

1283 4035 1491 4128 petitionem
1507 4035 1711 4126 aequiorem
1727 4049 1761 4105 te
1779 4031 1863 4106 huic
1877 4029 1985 4104 Petro
2000 4037 2180 4128 praebeas.
2234 4043 2279 4114 Et

1285 4139 1357 4206 sive
1389 4131 1446 4205 his
1480 4135 1624 4205 iudiciis
1650 4132 1848 4220 adhiberis,
1877 4139 1951 4208 sive
1982 4163 2057 4208 non
2087 4139 2279 4228 adhiberis,

1284 4239 1442 4309 studium
1459 4249 1560 4309 tuum
1580 4239 1684 4308 nobis
1701 4240 1889 4313 declarato.
1948 4237 2047 4311 Bene
2075 4255 2110 4312 et
2132 4245 2281 4318 feliciter

1285 4340 1374 4414 vale.
1427 4337 1552 4410 Mense
1568 4337 1693 4426 lunio,
1720 4337 1830 4413 Anno
1850 4337 1958 4417 1545.

1289 4836 1356 4912 No.
1374 4837 1485 4909 3209.

1295 4951 1467 4983 Μ

1642 5068 1947 5158 Auditoribus.

1362 5262 1469 5334 Scripta
1490 5261 1565 5334 publ.
1581 5259 1707 5316 Witteb.
1724 5260 1743 5318 l.
1763 5281 1789 5332 p.
1807 5261 1865 5318 129.
1903 5267 1970 5318 ltern
1992 5263 2018 5318 in
2040 5261 2204 5338 Epignmus.
2224 5267 2280 5320 Me·

1397 5331 1517 5386 leuthon.
1537 5351 1563 5402 p.
1583 5331 1642 5386 125.
1895 5339 1899 5346 ’
