4722 5808
106 271 179 348 sor
272 280 278 294 ·
684 265 1124 350 nrtsrotanuu
1174 263 1283 356 tus.
1310 275 1374 358 rx.
1425 278 1560 363 rste.
2071 303 2147 378 ⁸02

106 441 174 518 No.
192 443 305 522 stat.
982 450 1037 532 (ln
1054 454 1102 536 t.)
1150 447 1276 540 plicet,
1301 463 1336 522 te
1353 475 1428 524 non
1449 457 1648 548 profectum
1668 480 1742 530 esse
1765 464 1811 534 ad
1831 463 1930 538 illam
1943 473 2144 545 contentio-

114 539 289 571 Μ
492 627 497 634 ἱ
966 543 1101 578 *¹⁹⁸
1151 573 1233 620 nem
1249 550 1434 628 insuavem
1443 555 1460 584 '³
1473 553 1520 655 ²).

509 644 680 734 Eidem.

179 803 219 860 Er
231 805 386 878 apographo
398 805 427 861 in
441 805 505 864 eod.
516 806 611 864 sanet
625 825 654 880 p.
668 807 744 865 toto.
761 805 831 862 edita
847 823 863 862 a
878 805 966 864 Dans.
985 821 1030 878 ep.
1041 801 1103 876 46„

209 893 286 931 nunc
300 895 331 929 er
345 875 408 934 eod.
424 875 488 933 cod.
501 875 644 949 descripta.
1159 885 1227 963 No.
1242 887 1355 966 3232.

1865 779 2133 800 Ἢ

1987 922 2046 985 28.
2060 912 2120 981 lul.

1157 987 1370 1024 Μ
1964 1005 2138 1038 Μ

261 1029 353 1104 Dm.
370 1029 468 1106 Doc.
491 1027 699 1108 Nicolao
719 1027 944 1106 Mcdlero.
1425 1041 1576 1132 Ioaclt.
1604 1044 1866 1138 camerario,

109 1161 155 1252 S.
181 1177 228 1254 D.
285 1178 412 1272 Legati
433 1179 705 1254 Brunsvicensis
729 1180 881 1254 Senatus
895 1180 1012 1274 ,nobis
1043 1201 1103 1248 cx·
1218 1201 1304 1274 spise.
1323 1203 1512 1272 ademerat.
1528 1223 1556 1276 p.
1572 1205 1623 1262 stt
1642 1229 1685 1282 sq.
1704 1211 1758 1280 (ed.
1773 1213 1860 1270 tund.
1876 1213 1924 1270 tis.
1938 1215 1986 1270 ιν.
2002 1237 2044 1290 ep.
2058 1222 2143 1293 susp,

109 1294 303 1377 posuerant
323 1283 425 1354 aulae
451 1283 672 1376 responsum.
727 1280 879 1354 Etcum
902 1283 997 1375 ipsos
1021 1304 1102 1352 cum
1255 1351 1317 1370 ..
1431 1354 1438 1372 ,
1601 1359 1639 1377 ..
1817 1362 1826 1381 .

109 1386 233 1478 aliquo
257 1385 381 1454 dolore
401 1381 488 1456 hacc
512 1387 650 1456 adferre
666 1409 834 1478 responsa
849 1382 1104 1454 animadverti·
1149 1345 1374 1472 CI⁰T¹⁸⁸⁸73⁰
1401 1379 1456 1426 ‘³¹'
1457 1380 1478 1426 ⁰
1502 1356 1704 1434 ‘'udum’‘
1727 1373 1759 1434 εἰ
1787 1374 1917 1436 ΜΨ
1933 1377 2145 1466 praestanti

109 1509 211 1572 mus,
225 1499 302 1557 turn
319 1511 405 1556 vero
418 1501 452 1558 ct
465 1511 531 1558 nos
547 1488 748 1571 doluimus,
769 1501 805 1556 te
819 1486 937 1580 potius
952 1485 1102 1554 inillam
1175 1451 1261 1526 1⁰⁰
1272 1451 1391 1526 ⁶h¹m
1403 1481 1425 1526 ⁰
1449 1451 1570 1529 0⁰⁸²·
1596 1457 1733 1538 Bamb·
1760 1465 1880 1538 amito
1897 1493 1966 1540 51¹0
1988 1474 2118 1548 cariss.

110 1587 339 1680 solitudinem
355 1589 504 1676 abduci,
526 1613 632 1684 quam
647 1590 685 1657 in
700 1588 941 1682 frequentiore
958 1586 1101 1656 ecclesia
1149 1564 1194 1656 S.
1220 1585 1265 1662 D.
1315 1582 1451 1658 Losct'i
1463 1592 1647 1664 tabellario
1662 1595 1870 1671 Prutenicas
1886 1605 1993 1675 ctiam
2006 1609 2142 1684 litteras

110 1689 256 1763 versari.
299 1689 370 1761 Sed
384 1691 469 1760 audi
485 1704 658 1784 quantum
674 1692 832 1760 studium
846 1713 927 1780 erga
943 1701 977 1760 te
991 1688 1037 1758 sit
1052 1687 1103 1757 ci·
1150 1690 1253 1774 dedi,
1275 1713 1363 1781 quas
1383 1715 1429 1760 an
1451 1696 1624 1786 acceperis
1641 1698 1729 1767 scire
1744 1701 1860 1792 cupio.
1910 1702 2001 1776 Nam
2024 1711 2142 1803 ipsum

108 1791 230 1862 vitatis
248 1791 362 1865 istius.
412 1791 535 1882 Legati
550 1792 735 1878 dixerunt,
759 1815 796 1861 se
818 1805 894 1862 toto
915 1814 1010 1862 anno
1029 1813 1104 1860 ser·
1150 1791 1241 1860 istuc
1261 1789 1492 1864 Prutenicum
1520 1798 1693 1867 nuncium
1724 1802 1845 1888 mitto,
1879 1807 1942 1898 qui
1972 1811 2073 1884 affert
2099 1818 2143 1886 de

109 1905 255 1963 vaturos
271 1893 339 1962 tibi
352 1916 424 1961 esse
442 1888 538 1963 bunc
555 1893 673 1964 locum
691 1895 880 1985 integrum.
930 1891 1103 1963 Fortassis
1151 1887 1353 1963 scholarum
1381 1896 1594 1967 testimoniis
1619 1921 1735 1970 meam
1764 1909 2031 1994 responsionem
2050 1917 2142 1986 ‘bre-
2174 1950 2179 1958 ·

110 2009 250 2086 tempus
273 1993 340 2064 tibi
362 1995 548 2080 concedet,
574 2009 614 2065 ut
636 1997 681 2065 ad
704 2020 764 2065 eos
789 1993 1008 2084 commigres.
1060 1989 1103 2060 ln
1151 2019 1231 2063 vem
1253 1995 1397 2087 quidem
1407 1989 1468 2086 ll),
1500 2001 1562 2068 sed
1590 2004 1880 2094 occupationibus
1907 2013 1995 2081 meis
2023 2016 2141 2088 danda

33 2146 36 2152 -
110 2087 305 2182 Matthia,
331 2097 537 2187 praesertim
554 2097 630 2166 sine
647 2097 846 2168 studiorum
866 2095 989 2180 sociis,
1015 2117 1104 2188 qua·
1152 2109 1203 2166 est
1216 2097 1331 2170 venia.
1357 2113 1392 2170 et
1408 2099 1610 2170 videremur
1626 2097 1684 2174 ἐπὶ
1700 2110 1804 2200 φακῇ
1820 2109 1953 2200 μῦθον
1976 2113 2143 2188 institue.

109 2199 157 2266 lis
187 2197 260 2267 vita
291 2197 337 2268 sit
370 2199 510 2284 futura,
550 2199 751 2290 prospicere
779 2211 814 2269 tc
840 2198 913 2266 iam
938 2196 1103 2268 arbitror.
1151 2221 1208 2281 re,
1242 2197 1273 2265 si
1300 2199 1338 2266 in
1361 2193 1429 2286 hoc
1450 2216 1656 2292 argumento
1683 2205 1860 2297 longiores
1881 2235 2045 2289 essemus.
2102 2219 2143 2292 Si

110 2297 185 2369 Sed
213 2312 332 2369 tamen
362 2299 603 2370 misericordia
624 2293 845 2394 Dominae¹)
866 2321 1032 2382 moveor,
1063 2309 1104 2367 ut
1151 2299 1267 2389 placet
1289 2301 1494 2392 responsio,
1527 2305 1760 2393 subscribito,
1795 2324 1856 2380 aut
1878 2325 1974 2384 tuam
1999 2333 2143 2390 senten-

108 2399 231 2469 minus
245 2393 502 2492 reprehendam
525 2402 715 2472 consilium
731 2402 788 2471 vel
801 2413 920 2486 tuum,
943 2399 1002 2470 vel
1022 2399 1105 2467 illo·
1152 2400 1259 2484 tiam',
1286 2425 1391 2496 quam
1406 2404 1524 2488 voles,
1549 2407 1684 2498 prolixe
1698 2409 1880 2500 explicato.
1931 2413 2033 2487 Nihil
2049 2422 2144 2492 enim

109 2525 213 2586 rum,
241 2501 362 2595 quite
392 2499 585 2572 Dominam
616 2503 719 2597 sequi
748 2503 951 2572 voluerunt.
1008 2497 1106 2570 Deus
1152 2502 1219 2572 tibi
1237 2504 1449 2594 praescribo.
1490 2506 1531 2578 si
1546 2507 1660 2599 placet
1676 2511 1975 2588 etiamScacvolas
1990 2533 2023 2589 et
2036 2519 2144 2616 Papi-

110 2615 277 2672 aeternus
292 2615 392 2696 patet
403 2602 551 2674 Domini
567 2605 682 2674 nostri
699 2602 777 2674 lesu
785 2599 938 2689 Christi,
963 2602 1026 2698 qui
1042 2602 1106 2670 ad·
1153 2601 1466 2680 nianosadhibeto.
1491 2603 1647 2700 Expecto
1662 2625 1725 2682 ate
1740 2613 1924 2705 epistolam
1940 2607 2144 2712 longiuscu-

109 2703 230 2774 firmat
251 2727 288 2774 se
312 2725 384 2774 esse
407 2702 525 2775 Deum
548 2706 783 2778 contritorum
806 2719 944 2776 etcum
968 2703 1106 2774 miseris
1154 2706 1243 2790 lam,
1269 2731 1349 2776 cum
1364 2729 1427 2797 ego
1442 2709 1600 2780 fortassis
1614 2711 1796 2806 aliquanto
1812 2717 2020 2810 occupatior
2037 2750 2144 2818 quam

107 2799 291 2892 habitare,
315 2805 407 2877 adsit
420 2807 535 2883 nobis.
586 2805 683 2878 Bene
699 2809 777 2904 val-c
796 2802 906 2878 1545.
1153 2821 1211 2888 tu,
1238 2821 1331 2878 certe
1351 2809 1566 2881 imbecillior
1588 2826 1622 2883 et
1643 2813 1681 2885 in
1705 2817 1855 2888 dicendo
1878 2821 2029 2910 aridior,
2056 2841 2146 2898 totas

768 2938 810 3010 p·
828 2933 1056 3014 Melanthon·
1153 2922 1271 2980 tamen
1301 2909 1467 3003 impleam
1497 2913 1653 3004 paginas.
1717 2913 1933 3012 Noribergac
1971 2932 2147 3018 expectari

1151 3007 1420 3106 Hieronymum
1442 3015 1577 3102 audioz'
1592 3013 1693 3104 Quae
1707 3018 1844 3090 utinam
1865 3020 1962 3093 Deus
1983 3043 2145 3104 aeternus

212 3119 349 3195 Doctor
365 3111 542 3218 Cruciger
566 3125 742 3217 profectus
766 3137 816 3194 est
839 3123 884 3192 ad
909 3135 1011 3194 tuum
1029 3122 1105 3216 epi·
1153 3125 1253 3204 paler
1266 3111 1413 3184 Domini
1429 3117 1541 3186 nostrl
1561 3112 1640 3186 lesu
1656 3112 1789 3190 Christi
1803 3123 1947 3213 coniugi
1968 3141 2002 3198 et
2023 3129 2146 3203 liberis

109 3247 279 3317 scopum,
295 3239 330 3297 et
346 3225 509 3296 adiunxit
522 3249 558 3296 se
573 3227 605 3296 ei
622 3227 660 3294 in
677 3219 1106 3297 curruD.DoctorMor.
1152 3213 1325 3290 restituat.
1376 3213 1476 3286 Bene
1492 3230 1527 3288 et
1541 3217 1691 3288 feliciter
1703 3221 1793 3295 vale.
1845 3223 1983 3314 Quinto
1999 3227 2145 3304 calend,

109 3323 234 3414 tinus,
252 3328 316 3422 qui
330 3327 528 3420 expatiatur
542 3327 653 3398 animi
670 3349 784 3398 causa.
835 3321 931 3395 Mihi
944 3351 1019 3398 non
1032 3327 1107 3398 dis-
1153 3310 1317 3405 Augusti.

1813 3420 1907 3497 Phil.
1919 3429 2094 3509 Melantb.

183 3641 312 3698 Attamen
325 3644 426 3702 aeterni
440 3663 496 3700 non
510 3644 585 3698 fallet
598 3643 697 3700 iudicis
710 3645 793 3704 iram,
1154 3663 2139 3694 -··-·-----—--——---·-·---.-........

219 3713 319 3768 abdiu
332 3713 379 3784 qui
393 3713 464 3768 clare
477 3714 592 3770 crimim
606 3725 706 3768 cuncta
719 3711 802 3765 ridet.

181 3777 246 3834 Non
258 3782 371 3853 impune
386 3782 440 3838 Dei
453 3781 555 3854 poteris
568 3782 671 3840 violare
685 3781 841 3851 magistrum
2006 3817 2010 3824 ι

219 3848 364 3904 cuiusve:
378 3851 475 3906 Christi
489 3869 602 3904 munera
617 3869 712 3921 magna
725 3859 811 3903 sonat.
1166 3830 1233 3902 No.
1248 3829 1361 3904 3233.
1966 3849 2015 3927 (h.
2029 3857 2145 3936 mense)

182 3915 271 3972 Testis
284 3921 335 3973 erit
349 3939 428 3972 rerar
440 3921 582 3974 Buserum
595 3937 722 3990 spargere
738 3917 861 3972 Christus
1043 3925 1051 3932 '
1159 3927 1372 3963 Μ
1970 3940 2141 3970 Μ

217 3985 380 4042 Doctrinam
394 3987 422 4042 in
437 3986 546 4060 populis
561 3987 664 4041 semina
678 4005 744 4058 pura
759 3987 822 4039 Dei.
1489 3979 1534 4067 C·
1568 3982 1804 4072 Pannonio·

186 4053 265 4126 Quae
278 4065 304 4110 te
316 4056 398 4127 igitur
411 4057 497 4110 iuriae
510 4057 633 4112 convicia
647 4057 737 4110 dicere
751 4065 867 4125 cogunt,

216 4123 329 4179 Publica
342 4143 411 4195 quae
423 4134 535 4206 propter
549 4143 636 4194 poena
650 4124 747 4177 luenda
761 4123 856 4178 venit?
1250 4119 1335 4192 Epist.
1350 4119 1400 4180 lib.
1412 4123 1446 4179 V.
1461 4141 1488 4196 p.
1501 4123 1555 4179 2⁸⁵
1568 4143 1609 4198 sq.

183 4191 218 4247 Et
250 4211 386 4265 tauquam
398 4192 495 4248 intexis
508 4197 622 4248 verbosa
637 4193 752 4249 crimina
765 4192 830 4246 lalsa

185 4260 398 4384 mttl‘ttt‘t:
406 4260 895 4385 titt.tl'tttlt:⁰l².l⁶.2;.÷..
910 4338 997 4382 ...m
1204 4249 1272 4328 Ch
1284 4255 1557 4358 cistophoro
1588 4256 1721 4336 Pa'm
1733 4267 1842 4340 ⁰⁶²⁰
1877 4266 2094 4374 (Theologo

219 4400 347 4452 Buces-us
361 4349 460 4455 Cbgristi
472 4398 586 4454 uictima
595 4399 625 4461 *)
641 4349 715 4454 taeda
729 4398 789 4451 Deo
1504 4359 1783 4465 Ffflllfflsordo)

185 4467 460 4590 Hffitgztlippapuoltto
475 4467 544 4520 ⁰³⁵³
559 4468 689 4550 laceratur
702 4467 803 4538 iniqui.
1153 4471 1198 4562 S·
1224 4494 1270 4571 D.
1322 4497 1404 4570 Scio
1445 4512 1480 4569 te
1502 4499 1541 4567 in
1560 4501 1712 4573 amicitia
1729 4508 1964 4578 constantiam
1982 4525 2016 4581 et
2040 4515 2084 4583 lid

370 4555 401 4606 ge
415 4556 432 4589 u
446 4547 558 4605 pectore
571 4537 642 4591 dicta
657 4537 746 4590 docet.
1412 4551 1423 4584 s
2089 4540 2143 4585 om

136 4643 153 4654 .
184 4604 329 4659 noetianis
342 4595 420 4658 crisis
433 4605 622 4686 aequandam
634 4604 723 4686 taetus
737 4605 857 4686 Adotsps
1154 4597 1297 4686 dignam
1306 4600 1383 4669 viro
1400 4601 1493 4670 bono
1510 4623 1551 4670 ao
1566 4605 1669 4674 docto
1684 4605 1826 4678 virtutis
1840 4633 1959 4680 caussa
1973 4615 2145 4686 amicitias

185 4672 925 4814 ΜξέἑῗΊᾞΙέξΐῃξξζῖῑΙᾳῖῗζῃῐξζᾶξέξξῐξῇξζωω
1154 4699 1291 4770 colente
1307 4713 1494 4791 praestare.
1529 4701 1615 4774 Ideo
1630 4729 1695 4775 nec
1713 4710 1934 4781 excusatione
1950 4713 2022 4798 illa,
2037 4741 2143 4810 quam

215 4813 248 4865 ln
260 4810 346 4882 patria
359 4807 482 4864 chriam
494 4809 614 4880 praemia
626 4809 688 4862 sede
704 4809 787 4866 dabir.
1155 4823 1269 4891 nuper
1286 4803 1474 4894 scripsisti,
1499 4827 1588 4897 opus
1603 4807 1689 4891 fuit,
1713 4831 1779 4878 nec
1793 4833 1857 4901 ego
1878 4815 2108 4908 requisieram
2123 4845 2143 4889 a
2194 4816 2197 4830 '

183 4875 762 5020 &bittitt‘il‘ttlt'lttltllf‘
777 4896 904 4935 “⁰⁰““¹
1155 4917 1365 4995 properante
1388 4904 1480 4975 illud
1500 4906 1674 4993 officium,
1700 4896 1744 4978 ὅθ
1768 4915 1994 5005 quoscum.
2052 4917 2144 4992 Diu·
2207 4941 2211 4948 ·

151 5069 179 5136 1)
198 5063 306 5120 Coniux
319 5059 464 5129 loacbimi,
480 5059 666 5125 Marcbionis,
684 5077 765 5114 soror
781 5049 945 5126 Christiani,
965 5059 1036 5133 regis
1049 5060 1108 5116 Dt-
1156 5017 1245 5090 ω’
1269 5029 1343 5075 ¹¹⁰⁰
1357 5029 1495 5098 semper
1513 5031 1578 5077 ¹¹⁰⁸
1594 5033 1666 5078 una
1682 5031 1757 5082 ⁰⁵⁸⁰
1772 5037 1873 5106 P⁰⁸⁸⁸
1888 5017 2050 5108 ⁰Plffl'lffl·

185 5135 265 5202 niae,
283 5137 441 5214 peparataa
463 5130 560 5186 marito
575 5127 735 5210 Liclptenber
769 5148 784 5184 e
804 5137 915 5200 tegens,
934 5139 961 5212 et
979 5131 1109 5186 aloanns

184 5203 327 5259 undenso
339 5197 426 5254 Elect-
439 5197 551 5254 boueste
564 5206 676 5253 nauita
710 5202 724 5268 (
774 5206 839 5253 nota
851 5197 967 5267 neem.)
1181 5227 1183 5232 .

1190 5289 1326 5372 Ξῌξιοοε
1344 5291 1428 5346 noo.
1441 5291 1575 5360 Crucini-
1585 5304 1639 5349 ete.
1655 5293 1776 5354 Damius
1792 5316 1849 5355 non
1862 5299 1955 5358 edidit.
1973 5332 2007 5343 -
2042 5307 2086 5361 De
2098 5307 2146 5363 illo

1142 5417 1146 5422 ,
1226 5368 1324 5414 ttinere
1337 5359 1390 5414 vid.
1404 5379 1448 5432 ep.
1462 5361 1496 5414 ad
1511 5361 1618 5420 camec.
1635 5364 1664 5418 d.
1676 5365 1719 5422 26.
1734 5365 1787 5424 lul.

221 5437 247 5493 a
281 5434 384 5498 ese...
396 5433 468 5480 ea..
891 5389 895 5394 ⁵
1193 5441 1226 5516 a)
1246 5444 1527 5520 veosatum.

117 5541 299 5610 Mroarrn.
328 5539 432 5606 Oete.
483 5536 567 5605 Ver..
593 5535 637 5605 V.
1328 5547 1377 5621 51
