4670 5806
66 201 137 278 sot

68 377 161 468 apud
185 387 349 449 tutorem.
399 379 478 454 Hoc
501 381 663 472 cupimus
681 385 777 474 apud
793 385 948 480 aliquam
970 383 1059 456 civi-

68 493 173 548 tatem
201 504 264 570 pro
289 479 459 570 pensione
484 497 577 552 certa
599 484 789 572 collocare,
815 499 936 578 utpro
952 487 1059 606 quin-

66 581 237 672 quaginta
254 581 369 654 annis.
422 577 501 652 Oro
523 584 653 672 igitur,
678 600 721 658 ut
744 611 801 656 me
822 588 998 660 adiuvetis
1019 613 1059 658 rn

67 704 106 748 eo
128 682 284 768 negotio.
328 679 408 752 Etsi
426 677 698 756 Norlhusanus
723 686 874 760 Senatus
895 690 985 762 solet
1007 703 1060 760 ta-

68 781 116 848 les
140 783 375 852 venditiones*
392 785 526 870 lacere,
552 787 721 858 adiuvare
737 814 819 877 nos,
838 805 879 861 ut
894 787 980 862 haec
996 815 1060 882 pe-

66 883 169 950 cnnia
199 879 415 954 Northusiae
443 887 646 962 collocetur.
696 889 795 960 Bene
817 894 940 968 valete.
991 891 1060 963 Die

65 984 240 1072 gloriosae
263 980 491 1057 Ascensionis
514 984 651 1060 Christi
679 989 789 1066 1544.
855 989 960 1077 Filii,
991 992 1061 1066 Dei

64 1085 258 1172 beneficio,
282 1101 375 1158 reete
391 1089 529 1176 valent,
547 1105 582 1162 et
597 1093 749 1168 discunt.

806 1191 1009 1290 Philippus.

63 1519 125 1590 No.
141 1518 257 1590 2946.

70 1617 242 1647 Μ

358 1681 441 1799 (G.
463 1681 731 1798 Spoletina)

126 1841 237 1910 †Exa
307 1839 364 1896 .iu
381 1842 558 1900 codDreed.
576 1845 704 1906 serinii.
727 1845 829 1920 Μαι).
847 1847 900 1904 db.
925 1853 1008 1924 epi.
1040 1871 1056 1910 a

156 1909 229 1966 Gers
250 1929 282 1964 or
301 1929 319 1964 o
334 1909 476 1984 descripta.

895 1544 953 1605 28.
970 1531 1060 1603 Mad

905 1635 1043 1664 m

263 2043 490 2144 (Georgio
515 2046 842 2148 Spoletino)*)

61 2156 103 2248 S·
121 2179 167 2255 D.
220 2177 339 2252 Huius
352 2183 423 2252 diei
440 2183 716 2276 disputationem
724 2179 784 2284 **)
798 2187 865 2259 tibi
880 2189 996 2272 mitto,
1020 2203 1054 2262 et

59 2281 215 2372 Lipsiras
237 2283 373 2374 aliquot
403 2287 574 2375 pagellas,
607 2312 759 2380 quorum
781 2291 972 2362 lectionem
995 2292 1054 2363 iu-

61 2385 265 2453 cundiorem
282 2377 347 2453 tibi
368 2408 468 2475 spero
485 2387 581 2472 fore,
605 2411 711 2480 quam
727 2373 874 2462 fabellas
896 2393 942 2463 de
965 2413 1052 2464 con-

61 2497 165 2554 sentu
189 2483 369 2575 Spirensi,
396 2511 488 2578 qnae
511 2512 595 2558 sane
618 2489 751 2560 multae
772 2495 903 2583 passim
927 2497 1051 2568 ferun-

61 2599 124 2658 tur.
160 2583 246 2671 ,Sed
267 2586 306 2654 in
326 2581 382 2654 liis
398 2581 466 2658 hoc
479 2601 530 2660 est
543 2590 694 2660 maxime
710 2590 857 2683 dignum
872 2620 1050 2667 memora-

60 2699 110 2755 tu:
135 2685 265 2756 Mense
281 2681 434 2757 Octobri
455 2713 577 2760 rursus
601 2691 780 2788 cogendus
801 2697 869 2768 erit
891 2721 1050 2776 eonven-

61 2799 127 2872 tus,
151 2787 190 2855 in
207 2811 279 2880 quo
295 2801 356 2857 aut
380 2788 581 2862 conciliatio
609 2793 814 2882 dogmatum
837 2797 1051 2889 perficietur,

61 2901 115 2958 aut
135 2886 330 2980 imperator
349 2889 425 2980 ipse
440 2893 744 2982 pronunciatum
766 2909 836 2982 est,
859 2895 945 2993 quid
965 2925 1048 2970 sen·
1077 2970 1079 2976 ,

61 2988 121 3058 lire
142 2987 343 3059 Germanos
366 2989 463 3065 velit.
520 2991 661 3064 Novum
688 2999 889 3089 exemplum
911 3001 1047 3072 diiudi-

60 3090 201 3162 cationis
217 3092 537 3164 controversiarum
554 3097 878 3176 ecclesiasticarum.
923 3099 1044 3176 Audio

59 3188 269 3262 monachum
290 3215 363 3262 esse
385 3195 481 3283 apud
503 3195 752 3288 imperatorem
767 3197 1044 3276 Franciscanum

60 3293 237 3366 indoctum
253 3308 287 3365 et
302 3293 499 3381 furiosum,
520 3299 583 3391 qui
604 3299 768 3370 assiduus
782 3300 950 3374 incitator
971 3329 1047 3376 esse

59 3394 201 3481 dieitur,
226 3407 267 3464 ut
290 3395 484 3485 imperator
504 3399 618 3470 deleat
631 3395 856 3473 Lutherauas
872 3407 1043 3482 ecclesias.

60 3494 123 3565 Sed
138 3519 241 3588 spero
250 3492 367 3566 Deum
383 3497 611 3570 defensurum
628 3523 701 3572 esse
717 3517 856 3576 nostras
870 3508 1044 3580 ecclesias.

57 3591 145 3665 Bene
162 3599 243 3666 vale
259 3609 294 3666 et
316 3597 483 3674 rescribe.
532 3599 711 3672 Postridie
725 3605 898 3695 gloriosae
920 3632 1043 3681 aseen-

57 3697 159 3770 sionis
174 3693 310 3770 Christi
329 3694 441 3781 1544.

742 3799 813 3882 Pb.
837 3805 930 3882 Mu.

55 4005 1035 4038 Q

54 4129 239 4258 Q.
878 4145 1040 4221 eoum

897 4241 1031 4272 w

319 4311 470 4403 leuch.
504 4315 763 4412 camerario

111 4489 965 4572 &assumptionum-oannem.)

55 4661 249 4681 *—

82 4780 107 4851 q
124 4782 202 4839 Caret
215 4781 327 4856 quidem
338 4781 517 4865 apognpbon
530 4783 723 4867 inscriptione,
736 4786 787 4870 recl
796 4787 895 4872 legitur
908 4787 977 4848 lanes
988 4809 1035 4876 ept

112 4851 195 4934 media
210 4851 283 4906 iuter
296 4870 329 4922 ep
348 4889 355 4906 .
375 4851 515 4924 spalatino
537 4865 663 4973 scriptas.
695 4855 787 4909 invent
806 4867 887 4912 elram
898 4855 1031 4982 Spplalinr

110 4922 248 4989 epistolam
271 4917 307 4974 ad
333 4937 414 4976 onum
432 4923 461 4974 d.
475 4919 502 4974 d.
517 4919 576 4971 Vl*
608 4931 757 4979 runcones
776 4921 877 5000 iffi,
896 4945 915 4979 u
935 4947 948 4980 r
964 4928 1031 4984 haee

644 145 1086 300 urtsroranuu
1135 211 1245 294 nro.
1277 215 1341 298 nc
1395 171 1532 302 asto

2035 245 2120 322 898.

1128 353 1355 460 Clarissimo
1393 390 1471 462 viro
1512 394 1714 470 eruditione
1754 413 1789 476 et
1819 407 1948 482 virtute
1978 428 2090 509 proe-

1136 489 1258 560 slaulr'
1280 485 1527 566 Inachimo
1552 487 1830 577 Camerario
1855 504 2089 610 Pobtrgensi·

1111 719 1155 810 S·
1177 737 1223 810 D.
1273 739 1449 820 Reddidit
1463 746 1555 823 mihi
1573 750 1652 826 heri
1667 745 1819 857 Gaspor
1829 767 1947 838 stetim
1962 792 2102 844 ecurnr

1112 843 1328 914 descendens
1353 849 1539 940 epistolam
1563 872 1680 948 tuam,
1706 864 1848 954 plenam
1864 869 2004 960 pietatis
2022 897 2105 963 erga

1112 941 1247 1042 Deum,¹
1272 961 1306 1017 et
1326 953 1457 1022 amoris
1475 980 1556 1048 erga
1576 985 1644 1034 me.
1694 957 1773 1034 Etsi
1786 979 1902 1040 autem
1919 997 1994 1042 non
2010 971 2104 1046 nihil

1112 1048 1268 1116 accusari
1295 1072 1351 1120 me
1375 1052 1554 1146 intelligo,
1587 1066 1684 1154 quod
1705 1066 1826 1138 videar
1855 1073 2103 1164 indulgentior

1113 1147 1152 1214 in
1167 1169 1282 1234 meos,
1308 1157 1404 1244 quod
1420 1155 1516 1226 idem
1533 1159 1620 1231 mihi
1635 1161 1655 1234 ὃ
1671 1162 1775 1252 ῑξίων
1790 1172 1918 1244 obiecit
1939 1187 2020 1246 aute
2045 1179 2103 1248 bi-

1112 1251 1242 1334 duum,
1274 1258 1443 1326 tamensi
1468 1261 1535 1330 tihi
1557 1275 1591 1334 et
1613 1279 1738 1339 natura
1762 1272 1859 1342 illius
1874 1278 2034 1366 penitus,
2061 1293 2103 1350 ut

1111 1345 1202 1418 mibi
1219 1363 1304 1422 nota
1322 1371 1430 1444 esset,
1456 1373 1489 1430 et
1504 1357 1571 1433 boc
1586 1371 1771 1456 negocium
1788 1373 2019 1470 inquisitum,
2040 1401 2103 1450 ve·

1113 1451 1210 1520 niam
1233 1455 1336 1524 dares
1358 1483 1437 1529 meo
1461 1463 1590 1541 dolori.
1641 1467 1689 1541 Et
1710 1486 1829 1544 tamen
1850 1470 2020 1552 haetenus
2041 1507 2105 1553 οτι

1113 1552 1198 1621 dine
1219 1554 1287 1624 ieci
1310 1561 1442 1635 omnia.
1494 1561 1547 1636 Ac
1568 1570 1689 1642 iecisse
1703 1578 1870 1664 poenitet.
1922 1573 2029 1654 Facta
2051 1599 2102 1656 eu

1112 1667 1193 1722 ante
1217 1656 1293 1726 eius
1314 1657 1381 1729 iter
1401 1667 1659 1756 reconciliatio,
1685 1676 1775 1747 dixit
1797 1681 1875 1769 ipse
1890 1681 2103 1778 ἀμνηστίαν

1110 1756 1197 1830 fore.
1249 1756 1376 1830 Postea
1398 1766 1538 1838 rediens
1563 1795 1582 1840 e
1604 1771 1724 1863 Lipsia
1748 1780 1860 1853 mittit
1889 1790 2102 1859 commenti-

1111 1856 1199 1925 ciam
1212 1858 1407 1955 ¹epistolam
1430 1869 1595 1960 scriptam
1611 1878 1730 1947 neseio
1747 1883 1849 1952 euius
1871 1887 2101 1962 adolescentie

1110 1959 1268 2033 nomine.
1317 1960 1457 2036 Deinde
1481 1993 1562 2040 curn
1585 1976 1783 2053 advenisset
1807 1989 1979 2074 postridie
1993 2013 2102 2081 expo⁴

1108 2059 1233 2142 uolat,
1258 2061 1308 2134 ait
1321 2066 1412 2134 clam
1426 2069 1562 2142 litteras
1578 2089 1612 2146 et
1626 2077 1718 2150 dona
1737 2097 1876 2176 accepta
1890 2109 1974 2164 esse.
2027 2091 2102 2164 Ta*

1107 2159 1204 2230 libus
1232 2161 1326 2234 ludit
1347 2169 1530 2258 poematis.
1590 2174 1679 2247 Heri
1701 2181 1883 2257 discedens
1910 2214 1968 2261 me
1989 2192 2101 2264 artius

1107 2261 1201 2330 ciose
1215 2266 1395 2352 adoritur,
1422 2293 1458 2340 se
1473 2275 1588 2361 abire,
1615 2278 1645 2346 si
1661 2283 1785 2370 velim,
1807 2289 1915 2359 liliam
1932 2294 2025 2364 milti
2041 2297 2101 2366 tuas

1106 2362 1164 2432 bet
1184 2377 1264 2452 post
1288 2367 1425 2462 aliquot
1446 2375 1533 2450 dies.
1585 2377 1656 2450 Ubi
1680 2379 1765 2456 baec
1784 2389 2011 2465 didicerunt?
2034 2397 2098 2490 qui

1104 2485 1169 2532 nec
1192 2461 1404 2542 Dialectieos
1429 2491 1582 2563 norunt,
1616 2503 1682 2553 nec
1701 2490 1882 2579 captiones
1903 2496 2099 2568 causidico*

1102 2564 1213 2634 rum?
1245 2569 1399 2658 cogitant
1432 2577 1644 2652 alterutnrm
1671 2587 1768 2671 sore,
1799 2595 1924 2665 utillo
1947 2601 2099 2670 aaron

1103 2677 1201 2737 trusa
1224 2668 1381 2759 dicatur,
1410 2691 1472 2748 aut
1494 2679 1532 2748 vi
1551 2693 1700 2762 retenta.
1758 2689 1922 2766 Patimur
1942 2698 2099 2787 insidiis,

1102 2787 1293 2841 oneramur
1315 2775 1466 2864 probris.
1517 2779 1644 2854 Nullas
1666 2789 1821 2881 litteras,
1852 2798 1988 2872 nullm
2012 2805 2100 2874 reli*

1101 2867 1216 2956 gionis
1247 2885 1310 2942 aut
1328 2873 1473 2949 virtutis
1502 2883 1702 2960 doctrinam
1729 2891 1826 2966 istud
1879 2921 1968 2972 enus
1990 2919 2098 2978 amat.

1099 2966 1148 3040 Et
1163 2984 1202 3040 tu
1217 2968 1309 3042 mihi
1324 2988 1507 3071 tantopere
1520 2989 1710 3076 praedicas.
1762 2994 1844 3066 Vixi
1856 2919 2033 3076 bostonus
2045 3009 2097 3076 sia

1100 3093 1146 3140 ne
1175 3075 1358 3146 dedecore.
1416 3080 1457 3153 Si
1478 3078 1546 3156 boc
1569 3089 1721 3162 dedecus
1751 3097 1898 3170 abistis
1920 3105 2096 3194 oblatum,

1098 3165 1190 3241 mibi
1215 3176 1441 3250 subeundum
1466 3185 1552 3273 erit,
1584 3189 1715 3280 leram,
1749 3202 1899 3272 memini
1917 3207 2013 3275 enim
2033 3217 2096 3280 roe

1097 3269 1174 3343 Deo
1190 3295 1325 3365 poenas
1337 3282 1468 3356 debere
1490 3289 1686 3362 multorum
1710 3297 1888 3390 lapsuum.
1935 3302 1984 3380 Et
2008 3321 2096 3382 ew

1097 3395 1152 3442 aas
1164 3377 1361 3466 considero,
1376 3375 1595 3460 etEcclesiae
1610 3399 1767 3490 exempla
1782 3405 1892 3475 multa
1902 3403 1990 3478 mibi
2006 3433 2093 3502 pro-s

1096 3497 1205 3567 pono.
1267 3475 1342 3551 Nec
1362 3496 1481 3557 tamen
1505 3491 1665 3564 desinam
1686 3523 1789 3572 orare
1808 3501 1942 3594 Deum,
1975 3525 2015 3582 ut
2033 3537 2093 3584 mc

1096 3576 1207 3664 iuret
1233 3593 1268 3652 et
1285 3588 1749 3676 expectaboliberationem.
1786 3599 1994 3703 Teqnoque
2010 3636 2091 3702 ero,

1095 3691 1135 3748 ut
1149 3681 1354 3754 memineris
1368 3710 1510 3760 versum
1526 3695 1651 3784 amici,
1674 3703 1721 3771 ad
1736 3705 1891 3777 amicum
1905 3713 2092 3787 calamito-

1095 3797 1193 3849 sum:
1218 3779 1341 3866 edelric
1363 3782 1538 3891 ἀλάστωρ
1559 3799 1637 3879 τοῖς
1650 3797 1774 3896 φίλοις
1792 3806 1833 3879 ἐκ
1852 3815 1931 3885 τῶν
1950 3811 2089 3910 φίλων,

1095 3903 1140 3949 ne
1162 3896 1311 3974 propter
1331 3889 1427 3960 ullos
1449 3915 1469 3964 a
1493 3917 1550 3966 me
1569 3900 1757 3975 animosis
1774 3909 1967 4001 alieniore,
1993 3941 2085 4011 quoe

1094 4003 1237 4076 cunque
1257 4007 1314 4056 res
1337 3992 1457 4078 cadet,
1489 3997 1554 4068 etsi
1575 3996 1693 4074 editoe
1713 4007 1858 4100 quidem
1876 4017 1998 4088 omnia
2017 4022 2087 4094 feci

1092 4083 1331 4175 moderatius,
1372 4114 1481 4186 quam
1507 4099 1637 4171 vellem
1670 4105 1817 4186 iactum.
1881 4111 2086 4194 insomnem

1092 4183 1147 4274 egi
1161 4197 1272 4256 totam
1288 4183 1381 4263 hauc
1395 4210 1536 4269 noctem
1551 4217 1741 4294 oppressus
1756 4215 2006 4308 magnitudine
2016 4226 2085 4294 oo

1092 4284 1188 4359 toris.
1237 4285 1292 4358 Te
1313 4315 1394 4379 oro,
1415 4311 1456 4368 ot
1474 4295 1556 4372 Deo
1574 4327 1631 4375 roe
1642 4309 1722 4399 qsiis
1739 4315 1831 4384 votis
1846 4326 2086 4402 emouendos.

1090 4381 1144 4454 De
1160 4381 1309 4460 Sabino
1328 4394 1395 4465 tibi
1411 4413 1534 4471 eontra
1557 4406 1671 4478 animi
1691 4415 1763 4482 mci
1777 4423 1989 4493 senteutiam
2002 4449 2084 4496 moa

1089 4509 1166 4556 rem
1180 4511 1312 4578 geram.
1361 4493 1545 4594 Quicquid
1557 4521 1675 4579 autem
1686 4535 1764 4584 non
1777 4539 1891 4608 egero,
1904 4527 1967 4594 sed
1981 4541 2082 4599 eutr·

1088 4611 1150 4657 urs
1169 4591 1258 4678 dm,
1281 4593 1410 4667 faciam
1429 4611 1466 4671 te
1485 4605 1686 4684 certiorem.
1735 4614 1846 4690 Mitto
1860 4622 1926 4693 tibi
1947 4639 1981 4696 et
1993 4621 2082 4698 Lo-

1086 4689 1226 4762 lmosr'
1247 4699 1447 4790 exemplum
1470 4703 1724 4797 disputationis
1744 4721 1937 4808 proximae.
1984 4727 2080 4800 Nam

1085 4789 1189 4882 plura
1212 4819 1310 4869 nune
1331 4823 1409 4872 non
1429 4797 1619 4887 habebam.
1665 4809 1767 4886 Bene
1785 4823 1884 4910 vale,
1907 4825 1966 4895 die
1985 4829 2078 4903 Maii

113 4987 251 5072 leguntura
272 4987 368 5060 „Mitt
379 4987 510 5044 scribitur
523 4989 596 5071 apud
608 4990 806 5061 imperatorem
822 5012 881 5048 erse
894 4993 1028 5052 furiosum
1093 5059 1095 5066 y

111 5067 136 5109 et
144 5059 286 5111 indoctum
300 5055 468 5110 monadum
478 5057 708 5120 Francucaoum,
726 5059 865 5116 assiduum
884 5061 949 5118 insi

111 5142 164 5178 rem
182 5125 217 5178 ad
238 5123 368 5179 delendas
382 5121 518 5180 Ecclesiae
534 5123 734 5184 tartonam
751 5157 787 5172 -
819 5129 894 5186 uus
916 5149 947 5188 ex
990 5131 1027 5190 el.

110 5194 218 5263 epistola
229 5211 288 5248 esse
298 5191 412 5264 repetita
424 5193 539 5266 quinque
553 5193 642 5251 videt.

80 5268 122 5342 *l
138 5273 252 5331 Videtur
271 5293 330 5331 esre
346 5273 495 5348 omaus
505 5275 643 5332 Mors
657 5275 778 5335 Furius
793 5289 821 5338 el
834 5279 961 5341 Shn'nhi
976 5283 1025 5341 Li·

108 5342 205 5401 ouant.
240 5343 418 5417 viusuipu
432 5343 508 5416 publ.
521 5343 558 5402 T.
571 5345 595 5403 1.
604 5363 635 5418 p.
645 5345 716 5404 oth.

1695 5060 1828 5174 Philip·
1848 5081 2027 5168 mensur
