4722 5808
85 259 161 338 757

84 435 148 510 No.
166 433 283 511 5189.

93 532 266 563 Μ
945 533 1073 558 Μ’

415 631 465 722 G.
489 633 773 720 Bucttotzer.
896 617 898 622 ,

243 797 340 855 Manlii
358 797 458 871 farrag.
476 799 529 854 409
545 817 587 872 sq.

87 951 293 1049 Georgio
318 945 693 1052 Buclrlcoltzero‚
717 950 929 1050 praeposito
954 948 1083 1022 Eccl-

440 1053 520 1126 siae
547 1052 733 1141 Ursinae,

86 1173 130 1261 S·
162 1187 209 1262 D.
268 1186 387 1258 Hodie
423 1212 525 1282 spero
560 1189 751 1258 allaturum
778 1183 869 1256 mihi
901 1189 1083 1273 nuncium,

88 1317 191 1386 quem
207 1289 291 1359 misi
307 1285 494 1384 Torgam‚
512 1292 632 1360 literas
648 1291 691 1360 de
707 1291 853 1381 negocio
871 1291 999 1360 adfinis
1013 1291 1081 1360 tui:

88 1410 178 1466 certe
204 1393 466 1464 illustrissimus
484 1391 654 1484 Princeps
677 1394 868 1463 clementer
888 1393 1081 1485 respondit.

88 1500 143 1568 sed
170 1497 211 1563 in
236 1497 343 1566 tantis
364 1495 656 1586 occupationibus
680 1495 974 1566 scribaetardius
998 1495 1082 1563 mit-

88 1613 166 1672 tunt
198 1598 331 1671 literas.
389 1593 486 1666 Mihi
518 1603 636 1667 tamen
661 1621 735 1666 rem
756 1621 857 1666 curae
883 1620 956 1666 esse
981 1597 1080 1670 scito.

87 1702 138 1773 De
159 1701 299 1796 syhodo
320 1693 545 1770 Tridentino
577 1700 734 1769 fortassis
761 1699 921 1770 audistis.
977 1697 1081 1769 Misit

87 1803 273 1877 Romanus
287 1801 452 1873 Pontifex
475 1802 612 1894 aliquot
634 1799 830 1894 Episcopus
850 1799 1079 1886 Tridentum,

88 1907 146 2001 qui
161 1905 302 1977 usitatis
320 1905 531 1975 ceremoniis
545 1903 729 1998 Synodum
752 1899 976 1973 inchoarunt.
1003 1898 1081 1972 Ad-

89 2012 234 2080 luerunt
254 2005 304 2078 ibi
329 2020 363 2077 et
388 2001 505 2076 adhuc
525 2008 654 2076 adsunt
677 2007 783 2094 legati
798 2004 1023 2096 imperatoris
1047 2019 1081 2075 et

89 2101 455 2201 RegisFerdinnndi,
473 2108 535 2202 qui
555 2108 706 2200 publicis
723 2108 945 2178 orationihus
960 2121 1079 2176 osten-

89 2217 235 2298 derunt,
269 2236 350 2282 suos
372 2211 536 2292 dominos
566 2234 754 2300 agnoscere
778 2205 870 2278 hanc
902 2210 1079 2304 s'ynodum

89 2331 255 2410 tanquam
283 2315 439 2404 legitime
470 2326 734 2402 congregatam:
774 2325 807 2382 et
840 2312 1079 2402 promiserunt
1126 2351 1194 2423 No·
1210 2352 1306 2422 3191

81 2417 339 2492 defensionem.
389 2414 487 2485 Haec
502 2429 585 2486 sunt
607 2415 725 2486 initia:
749 2411 942 2508 Reliquam
965 2407 1078 2483 histo·
1134 2404 1322 2478 Μ’

89 2521 171 2592 riam
188 2534 310 2611 postea
325 2519 521 2591 audiemus.

183 2607 463 2714 De'plagiariis,
502 2619 564 2712 qui
586 2643 627 2688 ex
651 2641 787 2688 carcere
811 2618 1011 2706 effugerunt
1029 2610 1078 2712 l⁴),

91 2719 178 2794 nihil
201 2719 318 2793 habeo
335 2724 431 2816 quod
450 2723 613 2792 scribam.
666 2718 736 2791 Sed
754 2744 817 2789 oro
835 2717 950 2789 Deum
967 2733 1078 2788 aeter-

90 2850 171 2896 num
186 2839 325 2918 patrem
341 2823 489 2896 Domini
507 2821 621 2892 nostri
643 2819 722 2891 lesu
739 2817 891 2902 Christi,
918 2835 1078 2890 autorem

91 2929 225 3018 politici
255 2927 392 2997 ordinis
424 2927 460 2993 in
491 2925 648 2998 societati
674 2919 823 2993 humani
850 2925 1005 3012 generis,
1039 2934 1080 2991 ut

94 3029 306 3100 Germaniae
320 3031 378 3098 det
398 3051 534 3119 pacem:
562 3051 601 3095 ac
626 3026 785 3116 politiae,
809 3051 899 3118 quae
914 3039 998 3095 sunt
1013 3019 1081 3092 ho-

93 3133 191 3225 spitia
213 3130 392 3202 Ecclesiae
408 3129 492 3214 Dei,
519 3129 704 3200 custodiat.
762 3127 860 3196 Bene
881 3129 975 3196 vale:
1002 3125 1081 3209 Die,

94 3259 159 3326 quo
195 3235 291 3302 filius
321 3229 389 3301 Dei
422 3225 667 3322 triumphans,
711 3243 889 3320 spectante
922 3227 1081 3299 Ecclesia

93 3337 247 3406 ascendit
271 3337 309 3403 in
334 3335 491 3404 coelum:
518 3357 557 3401 ac
574 3332 747 3415 ostendit,
771 3333 911 3426 qualem
933 3332 1082 3420 gloriam

94 3453 268 3508 aeternam
292 3433 451 3506 Ecclesia
476 3429 643 3504 habitura
668 3447 764 3504 esset.
824 3433 901 3504 Hac
925 3457 991 3504 nos
1023 3456 1082 3524 spe

95 3543 326 3612 consolemur.
378 3537 475 3608 Bene
490 3539 577 3605 vale.
631 3533 738 3604 Anno
755 3531 816 3608 45.

602 3633 793 3730 Philippus
808 3635 1033 3712 Melanthon.

100 3861 319 3873 amq-W.
326 3863 410 3870 .--....
423 3863 469 3870 .....-

922 4035 980 4093 29.
998 4024 1084 4098 llati.

910 4115 1080 4142 w

97 4019 159 4095 No.
175 4023 286 4094 3190.

103 4116 268 4147 Μ

502 4154 671 4308 Eidem.

247 4378 344 4433 Manlii
363 4379 462 4450 farrag.
479 4397 506 4440 n.
524 4378 575 4433 247
593 4397 633 4450 sq.

105 4531 317 4608 Venerabili
352 4539 447 4616 viro,
484 4535 623 4606 eximin
661 4531 863 4605 eruditione
894 4541 925 4601 et
955 4533 1089 4630 pietate

99 4635 281 4728 praedito,
322 4634 471 4708 domino
511 4633 715 4731 Georgia
747 4629 1088 4719 Bucleholtzer,

128 4739 334 4840 praeposito
350 4737 539 4834 Ecclesiae
553 4737 807 4824 Berlinensis,
831 4736 951 4807 amico
970 4761 1057 4823 suo,

101 4849 143 4942 S.
167 4875 212 4947 D.
266 4875 334 4946 Fui
352 4872 407 4945 his
424 4875 550 4950 diebus
565 4869 713 4968 Targae
737 4873 775 4940 in
792 4873 890 4957 aula,
917 4871 981 4942 ubi
1004 4873 1089 4942 dili-

103 4993 217 5063 genter
232 4979 401 5073 inquisivi
416 4981 459 5048 de
477 4976 622 5067 negocio
638 4975 765 5045 adfinis
781 4975 843 5045 tui.
890 4972 1090 5046 Narrarunt

105 5153 322 5168 w

135 5241 162 5312 *l
180 5244 311 5316 Loquitur
332 5241 364 5296 de
386 5239 573 5322 Alchemistis,
593 5237 640 5310 qui
659 5237 848 5320 Macchipnem
862 5239 1017 5296 illectorem
1040 5244 1090 5296 de.

154 5324 293 5392 'ceperant
315 5323 342 5394 ‘l
365 5311 542 5395 aufugerant,
555 5319 723 5430 inlehlwi
740 5307 932 5432 ,effigilgh
950 5309 1090 5434 imppp-i

168 5379 691 5516 lttli‘tttlttttf‘lftttwt..
704 5393 737 5500 vl
753 5465 778 5518 ρ.
793 5447 879 5517 rna.

660 255 1099 338 EPISTOLARUM
1156 260 1262 340 ΜΒ.
1302 261 1366 340 lx.
1419 263 1553 344 1545.

932 439 1086 508 telon.

2061 279 2135 355 758

1139 434 1248 524 igitur
1263 437 1368 524 mihi,
1384 440 1554 531 scriptum
1570 465 1644 512 csse
1656 445 1701 514 ad
1718 447 1952 536 praefectum,
1968 424 2002 523 el
2016 478 2133 526 exem-

1138 538 1238 627 plum
1262 541 1430 631 epistolae
1452 541 1630 636 Principis
1652 551 1898 636 protulerunt,
1925 559 2020 647 quod
2045 560 2130 628 iussi

1137 638 1204 708 tibi
1230 643 1395 717 describi.
1445 647 1505 714 sed
1531 670 1604 716 non
1627 648 1802 736 sciebant,
1823 670 1868 722 an
1885 655 2008 727 literae
2023 657 2129 730 Prin-

1137 741 1224 834 cipis
1249 745 1475 835 pervenerint
1502 750 1545 818 ad
1570 751 1793 840 praefectum.
1845 752 1966 842 Quare
1982 784 2039 828 me
2055 763 2128 832 ius-

1135 859 1258 915 serunt
1290 847 1488 939 exemplum
1513 852 1556 920 ad
1580 854 1793 943 praefectum
1818 857 1972 928 mittere:
2009 865 2071 955 qui
2098 869 2128 935 si

1134 969 1208 1015 non
1234 950 1366 1040 accepit
1399 951 1519 1020 literas
1549 951 1745 1046 Principis,
1780 970 1821 1028 ut
1842 973 1892 1028 est
1912 963 2125 1037 nunciorum

1133 1073 1261 1136 magna
1276 1052 1507 1142 negligentia,
1534 1056 1684 1145 polliciti
1700 1072 1782 1128 sunt
1804 1084 1840 1128 se
1857 1087 1979 1132 rursus
1994 1053 2126 1156 petitu-

1132 1174 1190 1220 ros
1207 1179 1224 1219 a
1240 1151 1405 1245 Principe
1421 1156 1714 1246 obsignationem.
1762 1157 1849 1231 Cras
1865 1163 1974 1252 igitur
1987 1170 2123 1240 mittam

1131 1255 1304 1325 nuncium
1318 1257 1530 1347 praefectum
1543 1255 1776 1330 Sliebensem.
1826 1261 1899 1335 Res
1916 1264 2004 1338 mihi
2020 1296 2124 1346 curae

1132 1355 1215 1438 erit,
1240 1371 1280 1426 ut
1297 1359 1516 1448 perficiatur,
1542 1359 1618 1430 Deo
1636 1363 1791 1435 iuvante.
1823 1363 1914 1436 Nam
1931 1367 2021 1440 mihi
2038 1399 2123 1464 pro-

1131 1457 1258 1526 babilis
1276 1485 1377 1530 causa
1397 1461 1553 1546 videtur,
1581 1464 1766 1535 leniendae
1785 1472 1979 1541 severitatis
1995 1475 2032 1543 in
2056 1472 2121 1548 hac

1130 1583 1179 1626 re.
1246 1558 1514 1632 Consulendum
1547 1579 1598 1634 est
1628 1569 1827 1637 animarum
1862 1573 1987 1659 saluti,
2025 1583 2119 1671 quod

1130 1661 1201 1730 scio
1226 1663 1328 1732 etiam
1353 1662 1555 1755 Principem
1576 1667 1732 1760 libenter
1757 1670 1880 1746 facere.
1938 1675 2120 1750 Reveren-

1129 1764 1195 1832 dus
1217 1761 1263 1838 D.
1287 1763 1421 1835 Doctor
1442 1762 1644 1839 Martinus
1665 1772 1767 1843 iussit
1790 1789 1949 1846 amanter
1973 1781 2039 1850 tibi
2063 1807 2121 1852 sa-

1129 1865 1237 1934 lutem
1249 1879 1371 1955 optare
1389 1891 1452 1938 suo
1464 1871 1619 1946 nomine.
1647 1871 1840 1948 Benevale.
1871 1875 2120 1955 DicaeMaii.

1129 1962 1237 2036 Anno
1255 1967 1315 2042 45.

1129 2208 1214 2217 ..ιη-
1221 2210 1306 2217 —..--.
1326 2213 1404 2220 ἡ...-

1746 2365 1824 2445 (fere
1841 2371 1870 2434 d·
1892 2381 1950 2444 ee.
1970 2375 2071 2462 Maii.)

1715 2466 2122 2512 m

1513 2563 1549 2648 1.
1577 2563 1733 2654 Mento.

1197 2717 1272 2839 ψέκ
1291 2717 1460 2802 aprtographo
1473 2721 1604 2779 Melantb.
1623 2724 1689 2781 mibi
1703 2727 1785 2784 misso
1805 2749 1820 2784 a
1835 2730 1945 2790 Clariss-
1960 2737 2121 2814 Meyernoff

1249 2787 1406 2841 erolmenst.
2115 2785 2123 2814 l

1129 2938 1354 3015 Clarissimo
1375 2943 1453 3014 ciro
1478 2943 1681 3020 eruditione
1707 2963 1739 3022 et
1763 2955 1892 3028 virtute
1916 2971 2128 3055 praestanti

1129 3043 1184 3120 D.
1206 3043 1234 3116 I
1242 3055 1347 3117 usto
1373 3041 1512 3118 Meni
1519 3075 1540 3118 o
1573 3045 1728 3123 Pastori
1751 3053 1941 3131 Ecclesiae
1964 3063 2126 3139 Isennn-

1346 3148 1461 3220 censis
1488 3149 1607 3222 amico
1632 3179 1700 3225 suo
1722 3157 1915 3232 carissimo

1132 3266 1173 3356 S.
1191 3283 1236 3355 D.
1287 3285 1377 3357 Cum
1394 3289 1549 3379 primum
1566 3315 1606 3360 ex
1621 3293 1700 3361 aula
1718 3295 1863 3366 domum
1887 3323 2045 3373 reversus
2071 3331 2125 3374 es·

1132 3414 1223 3473 sem,
1256 3391 1437 3482 multaque
1460 3392 1649 3464 durameo
1675 3396 1768 3466 tristi
1790 3422 1869 3468 cum
1889 3405 1994 3472 corde
2020 3422 2124 3497 puta-

1134 3515 1227 3576 rem,
1251 3505 1293 3562 ut
1308 3515 1411 3560 versu
1424 3508 1547 3583 poetae
1563 3497 1690 3566 veteris
1703 3512 1803 3584 utar,
1827 3501 1865 3570 in
1884 3505 1989 3574 rebus
2012 3510 2125 3578 maio-

1135 3595 1234 3663 ribus
1256 3618 1362 3685 quam
1388 3609 1461 3664 erat
1484 3597 1616 3664 bellum
1635 3597 1830 3680 Punicum,
1866 3607 1983 3698 accepi
2005 3608 2124 3680 literas

1136 3710 1213 3765 tuas
1244 3693 1483 3775 dulcissimas,
1522 3721 1587 3787 pro
1612 3699 1742 3791 quibus
1769 3701 1884 3772 missis
1906 3709 2035 3795 gratias
2058 3713 2124 3783 tibi

1136 3819 1212 3886 ago.
1263 3791 1437 3889 Acquievi
1460 3798 1553 3866 enim
1576 3800 1835 3893 aliquantulum
1858 3805 1977 3896 legens
2000 3837 2127 3885 conso-

1135 3899 1305 3968 lationem
1327 3911 1437 3972 tuam.
1495 3899 1671 3971 Humanis
1700 3907 1884 3995 praesidiis
1910 3915 2038 3984 nudari
2061 3944 2127 3988 nos

1139 4001 1267 4093 passim
1293 4000 1408 4073 video.
1467 4000 1537 4072 Sed
1559 3999 1624 4073 hac
1646 4029 1703 4075 me
1723 4033 1807 4078 voce
1830 4009 1887 4079 dei
1900 4018 2034 4084 aeterni
2050 4043 2127 4090 sus-

1138 4115 1256 4186 tento,
1289 4103 1350 4195 qui
1374 4103 1509 4196 inquit:
1559 4102 1635 4196 Ego
1661 4108 1766 4178 etiam
1792 4132 2028 4188 senescentem
2056 4117 2126 4192 Ec-

1139 4205 1279 4274 clesiam
1298 4205 1452 4294 gestabo.
1505 4204 1671 4278 Vidimus
1686 4211 1798 4281 multo
1820 4231 1900 4286 ante
1916 4211 2127 4292 Lemnien-

1138 4331 1212 4376 sem
1230 4309 1428 4392 decretum,
1451 4321 1484 4377 et
1501 4312 1652 4400 optarim
1667 4316 1802 4404 opponi
1816 4317 1970 4410 aliquam
1987 4324 2128 4396 brevem
2239 4347 2246 4358 ·

1141 4423 1176 4479 et
1201 4409 1354 4500 graviter
1375 4409 1539 4500 scriptam
1560 4409 1841 4505 Responsionem
1855 4413 1901 4513 ⁴⁸).
1961 4420 2125 4499 Adorna-

1140 4535 1214 4580 rem
1237 4511 1310 4601 ipse
1331 4511 1485 4604 aliquid,
1512 4515 1571 4582 sed
1595 4541 1651 4583 me
1672 4518 1781 4589 multa
1797 4519 2014 4614 impediunt,
2041 4557 2130 4624 quae

1140 4637 1213 4682 non
1239 4613 1327 4681 libet
1352 4637 1543 4684 recensere.
1603 4615 1726 4688 Donec
1758 4645 1920 4711 possum,
1952 4633 2131 4702 moderate

1140 4709 1204 4782 has
1219 4728 1356 4784 nostras
1371 4715 1530 4786 literulas
1550 4721 1687 4789 tradam
1704 4723 2003 4814 adolescentibus,
2030 4749 2063 4804 ct
2088 4739 2130 4804 de

1142 4817 1301 4887 doctrina
1314 4816 1487 4886 disseram
1509 4821 1683 4902 studiose,
1710 4837 1744 4894 et
1764 4827 1914 4899 assiduis
1930 4834 2020 4901 votis
2035 4861 2132 4904 com-

1142 4919 1316 4988 mendabo
1334 4921 1399 4988 deo
1424 4919 1573 4990 salutem
1589 4918 1785 5010 Ecclesiae,
1806 4943 1992 5024 petamque
2016 4951 2055 5005 ut
2080 4941 2131 5006 la-

1142 5021 1245 5092 bores
1260 5021 1373 5089 nostri
1387 5021 1459 5090 sint
1472 5023 1614 5094 foelices
1631 5039 1665 5096 et
1683 5028 1863 5103 salutares.
1913 5031 2013 5120 ¹Quid
2033 5039 2129 5109 aliud

1141 5125 1254 5193 facere
1276 5123 1407 5214 possim
1429 5123 1467 5192 in
1492 5136 1589 5197 tanta
1612 5127 1837 5204 distractione
1859 5135 2018 5206 omnium
2035 5144 2135 5212 ordi-

1142 5323 1368 5343 ..ὧι-ιιι*-

1177 5449 1207 5522 *)
1225 5450 1288 5510 Vid.
1306 5453 1538 5601 epartsdfflenium
1553 5458 1580 5510 d.
1595 5457 1621 5516 9.
1635 5453 1709 5530 Sept.
1723 5460 1796 5517 asts
