4722 5808
186 197 264 330 ῥοῦ
763 239 1360 324 RPlSllGLARUMleB.
1377 236 1461 323 ‘txt
1515 244 1646 324 154⁶.
2162 241 2244 328 904
2353 183 2354 202 i

185 421 270 496 Deo
289 421 394 516 quiam
419 429 546 503 ream,
567 425 613 492 et,
629 415 706 516 ipse
718 419 852 518 saciet.
896 419 1035 490 Precor
1056 417 1185 506 Deum,
1236 425 1277 494 in
1292 422 1425 517 quibus
1440 423 1516 492 nati
1532 408 1635 508 sunt,
1662 443 1771 516 qnam
1784 407 1954 498 auocit'er
1967 424 2008 495 itt
2021 437 2059 497 te
2074 425 2245 516 sevirent,

186 542 229 599 ut
252 541 349 616 regat
368 538 575 596 nostrorum
594 521 803 618 Principum
825 523 972 594 consilia
997 537 1032 594 et
1052 524 1092 594 in
1112 523 1185 622 Ly·
1238 528 1268 596 si
1284 538 1439 619 possent.
1492 523 1630 594 Vellem
1649 523 1761 614 igitur
1774 537 1810 596 te
1834 552 1899 620 per
1919 528 2057 601 litteras
2071 543 2105 601 et
2121 524 2244 600 homi-

189 630 317 700 caonio
332 627 474 718 negotio
489 639 524 696 et
537 625 575 694 in
591 625 682 700 aliis.
1238 653 1300 698 nes
1316 629 1486 708 idoneos,
1512 639 1630 718 petere
1648 651 1754 720 quam
1773 630 1930 720 primum
1943 625 1992 702 τὰ
2007 624 2150 726 νόμιμα
2158 683 2171 718 ,
2197 645 2243 704 ut

289 729 371 801 Dux
391 723 569 798 Prussiae
597 729 693 798 bono
720 727 838 800 studio
861 743 1070 818 agnatorum
1099 752 1186 798 con·
1240 733 1288 802 ita
1312 731 1512 814 nominem,
1538 753 1628 823 quae
1650 729 1728 798 iure
1750 729 1818 800 tibi
1838 733 2024 808 debentur.
2076 731 2168 805 Eam
2192 735 2244 804 ob

190 833 379 905 troversias
398 831 564 901 dirimere
588 845 734 902 conatus
758 844 827 912 est,
856 827 948 902 ἀλλὰ
969 831 1111 904 οἴονται
1131 824 1187 901 τί·
1239 859 1315 903 rem
1340 834 1515 904 utendum
1537 833 1637 901 ducis
1652 825 1845 904 Mauricii
1863 835 1992 906 litteris
2006 859 2143 912 censeo.
2191 833 2244 908 Et

190 959 251 1016 νες
265 927 487 1007 κωλυθέντα
498 927 668 1034 γοηιείας
684 930 851 1014 adleuatio
870 932 1062 1030 ἄπρακτον
1085 927 1187 1004 ἀπιέ-
1240 937 1271 1006 si
1293 937 1391 1005 voles
1411 934 1557 1024 adiungi
1579 932 1847 1022 Macedonicas,
1881 933 1947 1008 bas
1967 963 2107 1033 quoque
2129 939 2245 1030 impe-

190 1062 266 1112 ναι.
317 1035 421 1108 Nunc
446 1060 540 1106 nova
561 1035 748 1106 transactio
774 1037 984 1110 instituitur.
1019 1039 1081 1107 sed
1102 1030 1189 1105 haec
1241 1037 1425 1108 trahimus.
1485 1036 1709 1127 Significabis
1732 1037 1842 1126 igitur
1866 1035 1975 1126 mihi,
2008 1042 2095 1134 quid
2120 1043 2243 1110 decre-

103 3783 108 3792 “
191 3785 274 3862 ,No
290 3786 405 3864 8330.

192 1139 330 1211 omitto.

295 1241 349 1312 De
373 1235 602 1312 Scholasticis
629 1240 780 1330 negotiis
806 1241 926 1332 potius
950 1241 1114 1315 scribam.
1213 1263 1214 1266 ’

295 1335 512 1413 Dichtelius
538 1343 660 1412 minus
689 1345 826 1436 patiens
857 1357 909 1414 est
936 1345 1051 1429 freni,
1082 1365 1190 1438 quam

194 1447 346 1517 debebat
373 1469 463 1533 esse,
497 1446 562 1516 etsi
584 1446 623 1514 in
645 1446 734 1514 meis
756 1445 904 1515 aedibus
926 1449 1104 1520 modestus
1128 1459 1189 1526 est,

195 1551 257 1620 sed
283 1551 450 1619 adversus
471 1547 741 1640 Praeceptorem
768 1561 821 1617 est
843 1562 1041 1622 contumax.
1094 1547 1191 1620 Scri-

194 1653 249 1723 bit
264 1655 309 1722 ad
327 1674 403 1736 me,
427 1663 468 1722 ut
480 1645 567 1721 hacc
583 1651 749 1742 epistola,
775 1675 881 1744 quarn
903 1645 988 1720 huic
1011 1676 1108 1722 meae
1129 1651 1192 1720 ad-

197 1755 292 1837 didi,
318 1754 484 1827 ostendit.
535 1752 610 1822 Aut
633 1753 741 1844 igitur
757 1755 801 1821 ad
816 1777 878 1821 vos
903 1777 982 1822 eum
999 1754 1192 1836 accersetis,

197 1871 260 1926 aut
274 1856 376 1926 alteri
391 1855 616 1946 Praeceptori
630 1855 932 1924 commendandus
954 1855 1031 1929 erit.
1083 1856 1123 1927 Si
1147 1857 1192 1924 ab

198 1960 275 2050 ipso
299 1959 492 2050 composita
516 1970 566 2026 est
581 1953 759 2050 Epistola,
785 1957 967 2046 ingenium
982 1959 1015 2026 ei
1031 1981 1106 2027 non
1130 1959 1193 2028 de-

199 2083 272 2130 esse
293 2073 448 2152 apparet.
499 2057 618 2128 Velim
643 2073 677 2130 te
700 2059 852 2128 liberare
874 2072 995 2129 utrum
1019 2084 1193 2130 accersere

199 2187 280 2233 eum
297 2163 413 2232 velitis
428 2163 472 2231 ad
486 2161 707 2254 inspicienda
724 2162 799 2230 eius
814 2163 942 2236 studia.
991 2159 1044 2233 Ea
1060 2188 1116 2234 res
1132 2187 1195 2234 cu-

198 2289 274 2336 ram
293 2279 328 2335 et
343 2265 621 2334 sollicitudinem
637 2265 670 2334 ei
687 2264 931 2337 circumdaret.

301 2363 369 2437 Est
385 2361 445 2436 hic
462 2367 666 2437 adolescens
682 2359 861 2435 Michuel
879 2357 1103 2454 Chilianus,
1129 2391 1195 2436 na-

199 2483 258 2541 tus
278 2469 318 2537 in
340 2469 429 2539 urbe
449 2483 564 2539 vestra
589 2493 631 2539 ex
646 2463 845 2566 Spoletini
863 2469 989 2555 amita,
1014 2470 1111 2540 hono
1138 2471 1196 2538 in-

200 2572 305 2662 genio
329 2572 530 2663 praeditus,
557 2571 619 2664 qui
642 2572 731 2662 petit
746 2572 980 2662 stipendium,
1006 2597 1076 2665 quo
1099 2596 1196 2642 nunc

199 2675 333 2768 fruitur
347 2670 610 2768 Hieronymus,
661 2671 773 2743 Valde
789 2687 823 2742 te
840 2697 921 2758 oro,
946 2687 987 2744 ut
1002 2669 1100 2743 hunc
1113 2669 1197 2744 Mi-

201 2769 363 2846 elraelem
379 2777 542 2857 adiuves,
567 2789 625 2860 ut,
650 2799 731 2845 cum
741 2771 992 2870 Hieronymus
1008 2777 1196 2870 relinquet,

202 2880 243 2948 in
263 2873 361 2948 hunc
388 2879 598 2948 beneficium
618 2878 802 2968 publicum
824 2880 1036 2950 conferatur.
1087 2879 1195 2950 Mitto

201 2981 270 3054 tibi
282 2980 487 3062 versiculos,
516 2981 578 3074 qui
593 2980 748 3050 citantur
764 2981 804 3049 in
818 2980 1014 3075 Lycurgica
1025 2981 1197 3067 oratione,

202 3084 266 3178 qui
283 3085 373 3154 tede
388 3083 459 3153 tuis
475 3081 654 3153 aerumnis
669 3083 1005 3170 commonefaciant,
1028 3107 1115 3175 quas
1132 3109 1197 3174 pro

201 3185 322 3256 Patria
338 3198 371 3254 et
385 3210 451 3276 pro
466 3183 623 3255 Ecclesia
640 3186 801 3259 sustines.
853 3185 997 3255 Mittam
1015 3187 1100 3255 alias
1117 3189 1200 3279 plu-

204 3313 255 3360 ra.
305 3285 404 3357 Bene
421 3287 510 3360 vale.
537 3287 595 3356 die
614 3289 672 3358 12.
688 3283 951 3383 Decembris*).

708 3399 899 3496 Philippus
923 3399 1148 3478 Melantbon.

211 3645 721 3658 ——n-——n—-fl-—q———nss
731 3645 766 3655 .-
781 3647 1088 3658 -υ--ιι--σι-ι--ο---
1097 3646 1188 3655 ·.---

1056 3797 1202 3917 Q.

213 3883 387 3914 Μ

480 3971 628 4058 Ioacb.
663 3969 923 4058 Camerario.
1048 3990 1049 3993 ‘
1165 3989 1171 3997 ’

250 4151 337 4224 Epist.
356 4152 389 4207 ad
408 4153 547 4209 Cerneres.
564 4173 591 4226 p.
606 4154 657 4208 546
675 4173 714 4226 sq.
734 4155 793 4224 (ed.
811 4155 900 4212 Lond.
913 4157 960 4212 lib.
973 4157 1023 4212 IV.
1043 4175 1085 4229 ep.
1104 4159 1185 4225 694).

208 4299 435 4383 Clarissimo
461 4311 538 4383 viro
560 4308 763 4386 eruditione
788 4327 820 4386 et
841 4315 970 4386 uirtute
994 4317 1205 4413 praestanti

222 4408 470 4486 Ioachimo
496 4405 771 4488 Camerario
794 4414 1038 4515 Pubergensi,
1071 4419 1191 4491 amico

588 4543 656 4590 suo
688 4545 817 4596 carrsS.

210 4626 252 4717 S.
277 4645 323 4721 D.
375 4645 492 4718 Multa
508 4651 659 4738 cogitavi
680 4648 737 4722 his
755 4655 880 4725 diebus
894 4658 938 4725 de
954 4657 1025 4727 tuis
1039 4655 1204 4740 inimicis,

210 4749 436 4820 meminimus
454 4751 549 4819 enim
567 4778 673 4846 quarn
688 4756 815 4825 stolide
832 4758 1019 4842 eluserint,
1047 4759 1106 4827 sed
1128 4758 1204 4827 elu-

212 4852 323 4922 serint
353 4865 472 4921 tamen
503 4857 676 4944 promissa
707 4861 751 4928 de
783 4860 891 4929 fratre
915 4859 1203 4933 Ratisbonensia.

214 4952 302 5025 Sum
317 4954 425 5044 igitur
448 4955 487 5023 in
503 4969 610 5029 metu.
661 4953 767 5050 Apud
787 4957 1033 5053 Hipparchum
1048 4976 1081 5032 et
1097 4961 1204 5055 Poly-

212 5069 344 5125 cratem
359 5052 547 5126 Anacreon
562 5059 601 5126 in
616 5053 751 5129 bonore
770 5063 855 5144 tuit,
881 5064 1083 5134 Simonides
1099 5065 1202 5132 etiarn

212 5159 306 5250 apud
320 5151 558 5234 Phalaridem.
602 5157 665 5231 Isti
682 5187 765 5234 vero
780 5165 852 5234 illis
868 5155 1017 5257 rupibus
1033 5167 1204 5252 duriores,

213 5321 442 5364 m·

244 5452 273 5520 ¹l)
294 5452 390 5507 Annus
409 5452 477 5508 15³5
495 5454 547 5509 alia
566 5475 662 5512 manus
679 5456 831 5529 adscriptus
850 5465 898 5512 est.

1242 1141 1344 1210 veris.
1407 1139 1492 1209 ldeo
1517 1153 1634 1209 autem
1656 1142 1905 1240 maturandam
1926 1167 2002 1211 rem
2030 1167 2174 1228 censeo,
2199 1149 2262 1213 ut'

1243 1245 1271 1312 si
1286 1267 1381 1312 nunc
1397 1238 1528 1310 horum
1546 1241 1764 1316 litterisnou
1778 1243 1934 1312 obtineri
1952 1267 2008 1314 res
2023 1246 2171 1336 poterit,
2201 1245 2243 1313 in

1244 1358 1422 1416 conventu
1442 1333 1605 1412 Carolus
1621 1341 1710 1434 lmp.
1724 1346 1889 1431 adeatur,
1914 1348 1978 1416 ubi
2000 1361 2034 1418 te
2051 1361 2086 1417 et
2105 1347 2244 1438 praele-

1244 1464 1320 1520 ctus
1336 1447 1458 1516 iuvare
1475 1446 1623 1538 poterit,
1649 1459 1683 1516 et
1705 1446 1736 1514 si
1751 1469 1792 1516 eo
1806 1472 1957 1533 venero,
1984 1450 2241 1520 commendabo

1244 1572 1402 1621 caussam
1414 1548 1577 1618 Palatino
1591 1539 1637 1615 F
1632 1541 1805 1634 riderico,
1832 1563 1866 1620 et
1889 1551 1987 1633 aliis,
2012 1575 2102 1643 quos
2123 1552 2244 1620 existi-

1246 1655 1347 1722 mabo
1375 1652 1543 1721 fideliter*
1560 1673 1636 1719 eam
1669 1665 1808 1721 acturos
1832 1675 1917 1722 esse.
1965 1649 2019 1722 Dc
2050 1647 2106 1722 his
2135 1654 2244 1724 rebus

1245 1778 1374 1848 quaeso
1389 1753 1526 1848 aliquid
1541 1753 1728 1822 rescribas:
1756 1753 1821 1824 etsi
1835 1755 1932 1824 enim
1950 1756 2051 1824 brevi
2074 1756 2164 1825 istuc
2181 1777 2244 1824 ve-

1245 1861 1362 1942 niam,
1392 1854 1469 1926 Deo
1496 1856 1658 1940 iuvante,
1688 1868 1910 1928 tamencum
1938 1856 2151 1946 cogitatione
2176 1853 2244 1927 ha-

1245 1984 1326 2030 rum
1341 1983 1460 2028 rerum
1475 1958 1669 2028 admodum
1686 1972 1861 2040 exerceat,
1888 1959 1961 2028 imo
1984 1983 2069 2030 vero
2094 1960 2188 2031 iusto
2210 1970 2246 2030 ct

1245 2062 1318 2132 acri
1335 2062 1417 2131 odio
1439 2059 1658 2130 crudelitatis
1682 2061 1845 2146 ardeam,
1870 2085 1976 2154 quarn
1998 2062 2155 2156 primum
2177 2059 2247 2131 ali-

1246 2165 1334 2258 quid
1351 2166 1395 2232 de
1409 2163 1480 2234 tuis
1500 2162 1658 2232 consiliis
1676 2162 1765 2230 scire
1780 2162 1897 2254 cupio.

1347 2264 1504 2336 Litterae
1531 2259 1601 2334 huc
1623 2259 1794 2332 Hiltneri
1815 2265 1941 2334 missae
1966 2277 2050 2336 sunt
2064 2260 2118 2360 ¹),
2153 2286 2247 2359 quae

1246 2367 1537 2460 significantiam
1564 2361 1762 2435 Breutium
1791 2381 1825 2438 et
1848 2362 2052 2464 Sneppium
2072 2365 2249 2440 Ratisbo-

1247 2495 1330 2541 nam
1345 2470 1495 2544 venisse.
1538 2461 1676 2538 Caroli
1691 2465 1917 2560 Imperatoris
1930 2483 2137 2540 metatorem
2151 2492 2248 2538 non-

1248 2575 1333 2643 dum
1351 2573 1403 2641 ibi
1417 2596 1507 2658 esse,
1532 2595 1598 2642 nec
1622 2571 1724 2658 sciri,
1749 2593 1838 2666 quos
1857 2566 2061 2662 Theologos
2077 2570 2250 2662 delegerit

1248 2679 1293 2746 ad
1310 2675 1542 2768 colloquium.

1349 2776 1453 2846 Hanc
1474 2776 1540 2845 tihi
1557 2775 1742 2868 epistolam
1764 2769 1947 2846 exhibebit
1960 2777 2070 2847 frater
2084 2769 2251 2844 Erasmi

1250 2874 1523 2960 Saluelo'ensis,
1574 2879 1688 2948 nostri
1724 2870 2033 2976 συμφιλοσόφου,
2080 2877 2250 2967 magister

1250 2975 1442 3051 Iohannes
1469 2975 1740 3066 Salueldensis,
1775 2981 1838 3074 qui
1863 2993 1991 3051 natura
2013 2982 2059 3051 ad
2081 2975 2251 3050 Philoso-

1249 3080 1390 3176 phiam,
1414 3109 1488 3152 non
1511 3083 1628 3152 minus
1644 3108 1750 3176 quarn
1765 3085 1874 3153 frater
1889 3083 2052 3164 ducitur,
2086 3095 2121 3152 et
2143 3104 2250 3150 exor-

1251 3189 1309 3256 dia
1332 3187 1509 3278 praeclare
1534 3199 1648 3269 tenet,
1673 3187 1733 3254 sed
1757 3197 1856 3276 pater
1870 3185 1948 3255 vult
1964 3209 2044 3254 eum
2068 3185 2168 3253 illam
2192 3205 2252 3252 sa-

1251 3289 1419 3380 pientiam
1433 3292 1512 3359 cuir
1526 3283 1730 3359 δικανικῶν
1747 3287 1900 3371 discere,
1927 3311 2034 3380 quam
2048 3287 2160 3356 solam
2181 3308 2252 3375 pu-

1252 3405 1329 3461 tant
1350 3389 1552 3478 Quiritibus
1574 3390 1717 3478 dignam
1740 3412 1824 3463 esse.
1877 3387 1962 3459 ldeo
1990 3389 2145 3460 traducit
2167 3410 2253 3456 eum

1251 3492 1420 3584 Lipsiam.
1486 3491 1626 3582 Quaeso
1663 3505 1781 3563 autem
1812 3505 1853 3564 ut
1887 3515 1970 3560 eum
2001 3490 2251 3586 complectare.

1253 3593 1344 3666 Nam
1360 3609 1396 3666 et
1411 3607 1621 3664 ornamento
1638 3607 1673 3664 et
1689 3594 1865 3685 praesidio
1881 3593 1950 3662 sibi
1964 3595 2040 3664 fore
2056 3590 2252 3662 amicitiam

1256 3711 1350 3767 tuam
1367 3711 1492 3788 sperat.
1526 3695 1608 3766 Scio
1624 3711 1741 3767 autem
1760 3710 1793 3768 te
1809 3709 1843 3767 et
1860 3697 2043 3785 ingenium
2061 3695 2138 3764 eius
2158 3705 2192 3762 et
2209 3691 2251 3760 in

1254 3799 1354 3869 omni
1375 3799 1512 3870 actione
1531 3799 1810 3869 moderationem
1831 3821 1977 3888 prorsus
1990 3791 2129 3892 ἠθικὴν
2143 3794 2251 3864 valde

1253 3903 1486 3993 probaturum
1505 3923 1588 3972 esse.
1636 3899 1733 3971 Bene
1750 3915 1786 3971 et
1796 3900 1946 3970 feliciter
1962 3899 2051 3972 vale.
2095 3895 2253 3970 Postrid.

1254 4000 1421 4076 Brumae.
1473 4002 1590 4073 Tuam
1615 4005 1800 4095 epistolam
1821 4004 1865 4071 ad
1889 3995 2133 4071 Secretarium
2151 3991 2253 4068 Pru·

1255 4103 1410 4174 terricum
1428 4106 1613 4195 scriptam,
1646 4107 1727 4176 misi
1742 4107 1786 4178 ad
1809 4105 1934 4175 urbem
1958 4097 2159 4197 ἐπώνυμον
2182 4098 2253 4196 cip-

1255 4200 1535 4304 mov3q969²).

1819 4305 2009 4402 Philippus
2023 4299 2200 4375 Melanth.

1265 4557 1485 4572 .—·p—am---„-..
1510 4557 1518 4564 .-
1590 4559 1603 4563 .-
1616 4547 2252 4564 --.-------·---ι-ιιι-ι---ι-ιιι-ι--..-.....ι.ι-ι-

1270 4709 1336 4782 Νο.
1354 4709 1466 4782 8381.
1556 4743 1559 4752 ’

1266 4805 1438 4836 sou-u
1506 4800 1511 4808 .

1428 4893 1678 4988 ,Pomanus
1706 4890 1769 4976 ad
1796 4889 2051 4974 Electorem.

1268 5109 1270 5117 ,
1290 5055 1356 5122 ’[Ει
1369 5051 1661 5124 autographoPontaui
1673 5046 2141 5120 iuActitTabul.Vinar.lligstr.ll.
2155 5067 2183 5120 p.
2191 5045 2251 5102 603.

2084 4715 2140 4778 18.
2159 4705 2234 4771 Dec.

2078 4799 2248 4830 m

1261 5203 1470 5215 -uo-u-o-

1227 5329 1228 5340 .
1294 5296 1319 5362 1)
1339 5293 1401 5346 vid.
1418 5311 1462 5346 eas
1480 5309 1562 5360 supra
1582 5287 1608 5344 d.
1625 5291 1646 5342 1.
1661 5288 1828 5356 Dcchr.,et
1847 5285 1990 5360 epistolam
2005 5285 2124 5341 Pentani
2143 5287 2177 5342 ad
2189 5283 2251 5340 Ele·
2353 5301 2354 5316 ¹

1327 5373 1431 5417 ctorem
1447 5361 1517 5414 intra
1528 5359 1618 5414 ΜΒ.
1633 5359 1720 5416 Decb.
1743 5363 1746 5370 '
1770 5378 1773 5393 ·

1291 5450 1321 5519 2)
1340 5446 1512 5502 Berolinum.
1549 5445 1582 5502 C.
1595 5443 1652 5499 W.
1748 5432 1763 5478 τ’
1810 5470 1813 5478 .
1888 5472 1893 5481 .
