4722 5808
121 233 201 320 806
701 229 1143 322 EPISTOLAEUM
1202 238 1311 319 [ΑΒ.
1345 240 1410 322 IX.
1463 243 1596 326 1545.
2032 257 2038 268 '
2100 267 2177 346 606

119 411 228 484 multi
244 422 527 506 propugnatores
542 405 753 510 disciplinae
777 421 811 480 et
831 407 949 500 legum
965 411 1122 486 oderunt
1177 414 1417 502 consuetudo,
1439 431 1481 490 nt
1501 419 1643 498 dicitnr.
1698 421 1819 500 Etiam
1848 455 1929 506 cum
1958 441 2168 534 corrigimus

117 511 378 606 Evangelium,
397 513 495 610 quod
510 511 554 582 de
570 511 665 602 lege,
684 523 846 606 peccato,
870 511 1023 602 iustitia,
1041 536 1122 604 gra-
1176 526 1310 584 veteres
1333 519 1597 608 persuasiones,
1622 536 1742 598 tamen
1764 531 1900 626 aliquid
1914 545 2068 632 contagii
2083 543 2167 622 hae.

117 617 190 702 tia,
213 617 284 690 fide
296 615 469 712 proponit
483 614 683 688 doctrinam
700 637 720 684 a
737 611 872 686 iudicia
887 613 955 684 tilii
972 615 1120 708 frugalis
1173 627 1229 684 ret
1249 615 1289 686 in
1307 620 1487 690 mentibus
1506 635 1542 693 et
1564 623 1603 694 in
1619 649 1790 706 sermone.
1841 631 1889 708 Et
1901 660 2012 730 genus
2027 668 2164 724 sermo.

117 715 386 794 abhorrentem.
436 715 564 790 Statim
577 715 686 806 igitur
700 728 780 810 post
791 709 983 808 Apostolos
995 741 1118 788 rursus
1173 715 1230 786 nis
1245 741 1285 788 ac
1301 720 1397 790 velut
1409 717 1587 796 Ecclesiae
1602 727 1758 820 linguam
1773 726 2165 828 mutare,'videturau-

116 816 315 912 Evangelio
331 819 477 892 inducta
494 831 544 888 est
561 817 685 907 caligo.
737 811 816 894 Etsi
834 808 1013 914 Origenis
1027 820 1116 890 scri·
1171 817 1271 890 dacia
1296 843 1368 891 esse
1389 823 1493 916 plena
1515 827 1674 920 periculi.
1724 829 1864 908 Deinde
1883 865 1939 912 res
1955 845 2030 936 ipsa
2044 853 2163 947 loqui..

117 935 199 1014 pta,
225 946 315 1018 qnae
337 945 435 994 nunc
458 931 598 1006 extant,
630 919 757 990 mutila
779 933 882 1008 sunt,
914 933 949 990 et
970 922 1118 992 sortasse
1170 933 1247 1006 tur,
1280 946 1318 993 ea
1340 938 1454 995 aetate
1474 932 1680 1022 pracsertim
1702 935 1741 1006 in
1759 933 1860 1012 Italia
1882 957 1918 1014 et
1938 953 2081 1024 caeteris
2104 980 2162 1028 re.

117 1025 288 1118 pleraque
300 1015 423 1108 νόθα,
448 1034 568 1094 menen
586 1021 768 1092 doctrinae
784 1023 1004 1114 corruptelae
1020 1025 1115 1093 ineo
1169 1021 1335 1112 gionibus
1363 1025 1471 1097 latine
1499 1031 1728 1128 loquentibus
1756 1063 1880 1132 parum
1898 1045 2006 1118 fuisse
2036 1056 2160 1130 litera.

105 1140 326 1203 ,cernuntun
377 1123 504 1196 Postea
526 1137 665 1194 secutus
679 1115 858 1218 Pelagius
878 1125 918 1193 in
935 1125 1116 1196 occidente
1168 1147 1260 1198 rum.
1313 1123 1462 1200 Graecia
1487 1133 1591 1204 etiam
1615 1149 1649 1206 et
1664 1133 1750 1210 Asia
1773 1141 1843 1212 iam
1868 1162 1949 1238 post
1963 1146 2160 1230 Basiliam

118 1227 370 1300 audentissime
394 1226 525 1298 delevit
554 1221 799 1318 Evangelium.
856 1223 941 1296 Non
968 1227 1116 1298 tradidit
1167 1227 1282 1296 studia
1313 1230 1494 1302 doetrinae
1523 1237 1757 1328 negligentius
1778 1246 1974 1326 coluerunt.
2034 1257 2160 1349 Quan-

118 1329 311 1402 discrimen
328 1329 415 1420 legis
433 1340 467 1398 et
482 1325 690 1418 Evangelii,
713 1327 871 1418 negatio
885 1323 1033 1399 homine
1047 1331 1115 1400 du·
1167 1352 1273 1424 quam
1296 1328 1405 1420 igitur
1427 1334 1481 1403 vis
1502 1335 1635 1428 ingenii
1658 1365 1784 1434 magna
1801 1347 1868 1418 fnit
1882 1351 1921 1420 in
1937 1347 2159 1453 Augustino,

117 1431 310 1504 bitationes
334 1433 380 1502 de
402 1430 455 1500 ira
479 1441 513 1500 et
534 1429 778 1506 misericordia
799 1427 874 1514 dei,
901 1443 936 1500 et
961 1424 1115 1502 horren·
1167 1443 1202 1500 et
1234 1430 1362 1522 pietas,
1402 1459 1471 1528 qua
1498 1439 1688 1512 discrimen
1722 1445 1813 1518 vidit
1843 1447 2096 1551 Philosophiae
2122 1481 2158 1540 et

117 1534 202 1604 darn
217 1532 472 1606 aversionema
488 1533 555 1602 deo
569 1531 756 1606 nobiscum
772 1544 974 1602 nascentem
991 1557 1114 1624 pecca·
1164 1525 1372 1624 Evangelii,
1405 1549 1523 1608 tamen
1553 1543 1729 1616 rationem
1754 1550 1953 1639 explicandi
1973 1574 2008 1632 et
2030 1564 2099 1656 ipsi
2122 1583 2158 1642 et

116 1647 195 1708 tum
211 1659 303 1722 esse,
325 1635 426 1726 fingit
449 1633 519 1726 legi
534 1632 593 1704 dei
607 1627 770 1702 homines
786 1632 984 1702 satisfacere
998 1657 1113 1726 posse,
1164 1633 1287 1702 multis
1309 1659 1349 1705 ea
1379 1653 1492 1710 aetate
1514 1643 1683 1726 defuisse,
1716 1651 1943 1728 manifestum
1962 1677 2023 1738 est.
2081 1666 2156 1742 Has

118 1750 155 1811 et
189 1733 283 1808 hanc
309 1737 592 1832 qualemcunque
620 1747 799 1804 externam
829 1735 1112 1806 moderationem
1164 1747 1280 1804 autem
1298 1738 1386 1807 duas
1400 1741 1550 1813 virtutes
1563 1748 1769 1822 coniunctas
1785 1776 1859 1824 esse
1879 1777 2042 1852 oportere
2056 1767 2157 1840 Peri-

116 1863 260 1910 morum
282 1839 422 1931 placare
438 1838 534 1908 'iram
559 1833 637 1920 dei,
664 1849 699 1908 et
716 1835 889 1906 iustitiam
904 1859 996 1924 esse,
1022 1862 1112 1930 quae
1164 1835 1234 1904 cles
1269 1838 1374 1910 dixit:
1415 1847 1560 1942 γνῶναι
1589 1843 1637 1918 τὰ
1667 1844 1802 1928 δέοντα
1834 1854 1899 1928 καὶ
1921 1860 2155 1962 ἑρμηνεῦσαι.

113 1941 222 2014 saciat
238 1937 408 2012 haeredes
422 1939 515 2010 vitae
536 1950 710 2012 aeternae.
760 1935 843 2008 Non
864 1939 979 2008 solum
1001 1962 1111 2030 nugas
1164 1933 1236 2006 Nec
1262 1953 1425 2030 putemus
1448 1941 1532 2016 haec
1554 1949 1648 2020 ullos
1673 1953 1749 2024 sine
1766 1957 1971 2036 doctoribus
1993 1993 2033 2040 ae
2050 1997 2155 2045 mon-

115 2065 210 2130 esse,
225 2045 323 2138 qnod
338 2039 627 2112 clamatPaulus:
651 2053 798 2132 propter
812 2035 1014 2126 Christum,
1037 2066 1111 2110 non
1163 2042 1393 2128 stratoribus,
1426 2046 1502 2116 sine
1522 2051 1657 2136 studio,
1691 2053 1768 2126 sine
1788 2058 1878 2132 iusta
1906 2065 2066 2142 discendi
2097 2099 2152 2148 ra-

116 2157 263 2236 propter
286 2167 392 2236 opera
423 2143 512 2234 legis
534 2140 647 2232 accipi
674 2141 917 2212 remissionem
950 2157 1111 2236 peccato·
1162 2140 1260 2210 tione
1280 2148 1448 2239 consequi
1467 2173 1580 2240 posse.
1639 2151 1730 2226 Vere
1760 2151 1819 2230 hic
1845 2176 1879 2238 et
1899 2182 1992 2242 recte
2024 2175 2154 2253 refutat
2255 2209 2261 2216 ·

116 2269 216 2332 rum,
248 2245 442 2316 sedetiam
471 2243 688 2338 perniciosas
719 2267 860 2314 morum
894 2245 1111 2336 corruptelas
1162 2238 1396 2336 Augustinus
1420 2244 1590 2340 Origenis
1621 2268 1656 2325 et
1678 2251 1991 2340 Enthusiastarnm
2023 2277 2155 2352 delira.

116 2362 203 2420 esse.
261 2346 467 2418 Fanaticam
495 2341 686 2416 amentiam
715 2368 806 2431 esse,
838 2346 935 2440 quod
966 2347 1110 2432 dicitur,
1161 2359 1296 2432 menta,
1322 2349 1385 2442 qui
1406 2356 1681 2446 corrumpebant
1700 2357 1805 2433 Pauli
1818 2365 1910 2440 dicta
1928 2372 1972 2442 de
1994 2375 2094 2450 litera
2118 2397 2153 2454 et
2227 2379 2230 2386 ’

114 2449 185 2520 fide
211 2443 393 2520 hominem
416 2449 550 2520 iustum
569 2469 642 2516 esse
663 2460 697 2516 et
711 2441 803 2517 hanc
821 2447 925 2518 fidem
944 2447 1109 2518 fiduciam
1161 2445 1305 2538 spiritu,
1330 2475 1475 2542 prorsus
1496 2469 1540 2525 ut
1559 2481 1655 2528 nunc
1675 2455 1941 2556 Anahaptistae.
1992 2473 2084 2554 Cum
2107 2484 2153 2554 li.
2238 2511 2251 2554 a

115 2573 190 2622 esse
206 2551 483 2644 acquiescentem
500 2547 540 2618 in
554 2548 852 2642 mediatore,qua
868 2549 1109 2642 spiritussan-
1160 2561 1271 2619 teram
1296 2551 1531 2640 abiiciehant‚
1565 2572 1679 2630 totum
1710 2564 1947 2642 ministerium
1969 2591 2152 2656 externum

116 2667 193 2726 ctus
220 2675 350 2724 navam
375 2665 411 2724 et
438 2665 618 2723 aeternam
647 2651 763 2720 lucem
784 2651 824 2719 in
853 2651 1108 2743 perterrefactis
1160 2653 1451 2742 aspernabantur.
1511 2655 1651 2730 Deinde
1674 2663 1837 2754 spiritum
1867 2673 2048 2766 tingebant
2078 2709 2152 2760 esse

114 2755 294 2826 ruentibus
312 2753 482 2828 accendit.
534 2749 626 2822 Cum
642 2752 751 2842 igitur
772 2751 841 2822 late
856 2753 1038 2844 sparsisset
1052 2755 1107 2821 vi·
1159 2751 1342 2841 allegorias
1360 2769 1395 2826 et
1409 2757 1697 2850 imaginationes,
1712 2771 1882 2868 quaesibi
1896 2777 2025 2858 reiecto
2040 2789 2149 2860 verbu

115 2880 177 2930 rus
203 2879 308 2928 suum
328 2849 527 2950 Pelagius,
553 2866 588 2924 et
610 2853 691 2923 illas
713 2849 984 2952 πιθανολογίας
1004 2855 1106 2924 facile
1159 2854 1217 2922 dei
1236 2855 1432 2944 lingebant,
1457 2874 1499 2932 ut
1517 2864 1623 2933 multi
1644 2865 1809 2944 monachi
1828 2889 1863 2950 et
1877 2872 2150 2982 Anabuptistae

114 2959 411 3050 amplecterentur
436 2951 618 3039 homines,
646 2978 793 3044 magnae
817 2956 856 3024 in
871 2953 1028 3026 Ecclesia
1053 2971 1106 3026 te·
1159 2955 1362 3028 iactitarunt
1385 2961 1536 3034 adflatus
1559 2988 1633 3036 esse
1656 2969 1821 3060 spiritus,
1843 2979 1976 3054 deserta
1999 2991 2149 3083 coniuge

115 3063 247 3132 nebrae
272 3060 436 3143 fuerunt,
470 3071 511 3128 ut
540 3053 596 3126 his
618 3056 789 3147 proximis
814 3059 959 3127 saeculis
980 3057 1106 3128 similis
1158 3071 1192 3128 et
1206 3059 1339 3128 familia
1356 3065 1474 3154 vagari
1489 3089 1568 3134 cum
1579 3068 1746 3142 'fanensis
1766 3081 1965 3158 erronibus.

112 3162 276 3236 doctrina
308 3154 571 3230 Monachorum
603 3158 718 3230 lucem
745 3153 933 3248 Evangelii
965 3159 1004 3227 in
1030 3173 1104 3230 toto
1259 3155 1318 3230 Ab
1345 3157 1402 3231 his
1431 3165 1529 3235 tetris
1552 3172 1725 3262 portentis
1745 3171 1977 3270 Augustinus
2007 3210 2147 3271 revocat

113 3267 200 3336 orbe
222 3277 398 3334 terrarum
421 3259 633 3334 obscuravit.
691 3256 807 3330 Credo
835 3273 952 3332 autern
975 3262 1104 3352 passim
1156 3255 1349 3331 Ecclesiam
1380 3267 1425 3334 ad
1446 3267 1648 3358 veritatem,
1687 3281 1842 3350 ostendit
1869 3287 1955 3379 qnid
1986 3289 2087 3364 litera
2113 3311 2148 3370 et

110 3367 220 3436 fuisse
246 3364 386 3458 aliquos
409 3363 487 3454 pios
509 3378 542 3434 et
563 3361 695 3454 peritos
717 3375 810 3432 recte
833 3363 1041 3443 sentientes,
1064 3375 1105 3432 ut
1157 3364 1243 3458 qnid
1267 3364 1411 3456 spiritus
1432 3371 1576 3462 proprie
1598 3373 1777 3466 dieantur,
1810 3406 1876 3454 nec
1897 3387 2036 3466 literam
2057 3399 2145 3468 aho-

114 3483 148 3540 et
171 3451 228 3536 his
248 3465 434 3557 postremis
455 3463 603 3534 saeculis
628 3463 760 3532 alicubi
788 3463 934 3534 fuerunt
956 3463 1102 3532 meliora
1156 3465 1297 3536 leudam
1322 3491 1395 3538 esse
1419 3471 1523 3542 nobis
1550 3477 1844 3569 praecipientem,
1881 3493 1941 3560 sed
1968 3517 2089 3566 vocem
2111 3515 2145 3572 et

112 3573 297 3654 docentes,
320 3581 362 3638 ut
378 3559 645 3646 Bernhardus,
671 3559 858 3634 Taulerus
883 3579 918 3636 et
941 3567 1014 3638 alii.
1154 3567 1391 3639 ministerium
1409 3586 1590 3644 externum
1606 3573 1814 3671 Evangelii,
1838 3596 2034 3668 necessario
2057 3602 2145 3672 reti.

215 3668 287 3740 Sed
315 3681 401 3739 tunc
430 3671 598 3737 adversus
621 3665 756 3756 Pelagii
780 3689 913 3736 venena
936 3667 1103 3736 excitatus
1155 3671 1312 3738 nendum
1344 3695 1434 3754 esse,
1467 3697 1507 3742 ac
1539 3677 1702 3766 spiritum
1735 3699 1893 3762 sanctum
1925 3693 1989 3784 per¹
2022 3725 2143 3774 vocem

109 3786 161 3844 est
174 3770 348 3842 divinitus
364 3763 614 3866 Augustinus,
641 3769 701 3862 qui
717 3765 893 3837 Ecclesias
906 3769 1035 3858 passim
1057 3771 1101 3838 ad
1153 3765 1340 3860 Evangelii
1356 3786 1389 3842 et
1411 3797 1475 3863 per
1489 3775 1727 3852 ministerium
1745 3785 1918 3860 efficacem
1933 3820 2016 3872 esse.
2067 3801 2142 3876 Re.

110 3897 231 3944 veram
246 3873 443 3944 doctrinam
461 3865 720 3964 Prophetarum
737 3863 1030 3960 etApostolorum
1047 3894 1101 3939 re·
1154 3884 1207 3941 cte
1231 3887 1265 3944 et
1285 3867 1351 3942 hoc
1372 3876 1549 3962 adfirmat,
1574 3881 1817 3974 disciplinam,
1844 3893 1967 3981 idest,
1995 3895 2141 3982 honesta

47 3995 52 4000 ·
110 3975 268 4059 vocavit,
301 3974 475 4056 ostendit,
507 3967 730 4042 horribiliter
756 3994 871 4040 errare
903 3965 1100 4066 Pelagium
1154 3997 1259 4066 opera
1283 3967 1458 4046 humanae
1482 3980 1630 4050 rationis
1653 3986 1730 4055 sine
1754 3992 1881 4080 spiritu
1897 4015 2017 4072 saneto
2040 4005 2144 4095 facta,

111 4089 300 4166 negantem
328 4089 509 4168 peccatum
540 4073 707 4164 originis,
738 4074 949 4144 monstravit
975 4075 1100 4144 discri-
1153 4098 1217 4144 nec
1233 4077 1361 4145 mereri
1377 4079 1617 4150 remissionem
1636 4103 1876 4182 peccatorum,
1902 4124 1966 4171 nec
1991 4127 2063 4178 esse
2084 4111 2141 4183 iu.

108 4202 193 4252 men
222 4176 309 4267 legis
337 4191 372 4247 et
394 4173 599 4266 Evangelii,
633 4175 771 4260 docuit,
799 4175 937 4250 remitti
962 4190 1100 4267 peccata
1152 4176 1302 4262 sutiam,
1324 4203 1413 4272 quae
1434 4181 1537 4252 faciat
1558 4177 1725 4258 haeredes
1744 4193 1837 4266 vitae
1861 4213 2034 4276 aeternae.
2086 4208 2139 4284 Ac

110 4279 219 4370 gratis
240 4291 385 4370 propter
401 4277 606 4362 filiumdei,
638 4303 712 4346 non
730 4292 873 4370 propter
893 4277 1098 4366 dignitatern
1151 4280 1328 4370 praeclare
1343 4281 1444 4351 dicit:
1472 4307 1513 4352 ex
1528 4285 1603 4374 lege
1618 4289 1782 4364 timemus
1796 4299 1912 4374 deum.
1964 4305 2034 4378 Sed
2052 4313 2138 4386 alibi

110 4393 289 4464 nostram,
315 4381 496 4462 adfirmat,
521 4376 764 4470 Evangelium-
774 4403 845 4448 esse
862 4378 1098 4447 ministerium
1152 4405 1253 4471 saepe
1276 4382 1378 4466 dicit,
1405 4383 1586 4454 iustificari
1610 4384 1773 4466 homiues
1796 4407 2030 4491 pergratiam
2054 4415 2137 4488 dato

108 4483 271 4576 spiritus,
298 4505 338 4551 ac
352 4483 420 4550 lide
434 4481 545 4572 accipi
559 4482 722 4574 spiritum
739 4497 910 4553 sanctum.
961 4475 1098 4550 Harum
1152 4482 1277 4571 spiritu
1292 4497 1412 4554 sancto
1434 4489 1645 4560 accendente
1665 4495 1889 4572 dilectionem
1906 4505 1944 4574 in
1962 4515 2140 4596 cordibus.

107 4586 341 4654 maximarum
365 4607 484 4654 rerum
510 4583 780 4676 explicationem
803 4582 924 4652 multis
946 4581 1100 4652 volumi·
1150 4581 1247 4652 Haec
1265 4586 1447 4676 explicatio
1462 4611 1535 4658 non
1554 4605 1604 4662 est
1619 4593 1782 4702 integra„
1815 4599 1963 4678 Necesse
1977 4627 2029 4684 est
2044 4620 2137 4696 enim

108 4687 215 4758 nibus
230 4685 432 4778 complexus
449 4698 510 4768 est,
524 4675 625 4778 quae,
642 4686 671 4755 si
686 4702 843 4777 tempora
860 4698 894 4754 et
908 4683 1100 4754 sententiae
1151 4685 1250 4778 prius
1266 4686 1354 4772 dici,
1375 4690 1471 4782 quod
1488 4705 1523 4761 et
1539 4691 1613 4786 ipse
1629 4719 1731 4788 saepe
1746 4701 1935 4796 significat,
1952 4714 1996 4782 de
2013 4722 2137 4795 remis-

108 4790 304 4881 prndenter
336 4788 580 4870 conferantur,
627 4787 709 4856 satis
744 4787 936 4858 ostendunt
968 4786 1100 4870 lectori,
1152 4786 1508 4880 sioncpeccatorum,
1533 4801 1713 4886 quomodo
1730 4806 1953 4898 acquiescant
1966 4832 2139 4905 perterre.

109 4893 230 4962 dextre
256 4903 290 4962 et
315 4913 391 4960 non
424 4887 639 4958 calumniose
671 4889 865 4968 iudicanti,
900 4901 993 4958 reete
1019 4912 1099 4958 eum
1151 4889 1261 4960 factae
1287 4903 1440 4978 mentes,
1479 4901 1658 4990 quomoda
1691 4905 1865 4997 accipiant
1897 4916 2143 5000 remissionem

107 4993 257 5073 sentire,
284 5004 318 5062 et
342 5015 423 5061 cum
446 5003 567 5060 nostra
582 4985 739 5060 Ecclesia
757 4992 801 5058 de
827 4985 882 5058 his
909 4991 994 5082 ipsis
1014 4990 1100 5060 locis
1152 5005 1395 5086 peccatorum,
1428 4997 1524 5068 unde
1550 5023 1650 5078 mens
1678 5003 1717 5080 iu
1741 5031 1853 5098 agone
1874 5015 2028 5092 sentiens
2050 5024 2138 5102 iram

107 5115 314 5185 congruere.
370 5089 441 5162 Sed
470 5105 591 5162 tamur
615 5092 703 5162 alias
727 5091 837 5180 magis
866 5091 952 5161 alias
982 5093 1101 5162 minus
1154 5094 1212 5162 dei
1226 5095 1502 5166 consolationem
1517 5115 1635 5202 petere
1650 5106 1786 5188 debeat.
1822 5109 1903 5184 Non
1921 5119 2141 5215 adproprias

107 5211 192 5268 sunt
207 5193 392 5288 perspicua
408 5193 482 5264 eius
499 5195 648 5286 scripta,
673 5193 773 5264 cuius
794 5191 845 5260 rei
863 5187 929 5262 hae
942 5193 1100 5264 fortassis
1154 5195 1302 5266 virtutes
1321 5198 1525 5270 deducenda
1551 5217 1612 5282 est.
1669 5205 1724 5278 Ne
1747 5209 1821 5308 ipse
1843 5216 1987 5308 quidem
2010 5223 2141 5324 Augu-

107 5321 233 5371 causae
257 5309 363 5381 sunt,
388 5296 472 5392 quia
496 5319 561 5370 nec
585 5296 654 5390 ipsi
672 5319 713 5366 ex
729 5293 878 5384 caligine
892 5295 947 5363 sni
964 5309 1102 5387 tempo·
1153 5295 1275 5367 stinus
1289 5299 1483 5370 moriturus
1504 5303 1610 5377 dixit:
1635 5307 1740 5384 video
1757 5314 1947 5408 puritatem
1969 5351 2068 5402 meae
2086 5335 2142 5405 di.

106 5400 157 5472 ris
173 5423 318 5494 prorsus
336 5397 484 5470 eluctari
499 5397 602 5470 facile
624 5398 703 5472 luit.
753 5397 876 5469 Altera
902 5410 1027 5467 natura
1050 5410 1102 5469 est
1154 5401 1317 5472 lectionis
1324 5427 1333 5488 ;
1360 5397 1452 5494 hanc
1467 5428 1609 5498 oppono
1632 5407 1765 5486 iudicio
1784 5417 1859 5502 dei,
1884 5443 2030 5519 propter
2051 5427 2143 5510 haue

1462 5499 1548 5577 51·
