4654 5804
105 253 108 264 ·
184 229 258 302 651
760 227 1204 310 EPISTOLARUM
1252 227 1461 312 LlB.lX.
1515 227 1651 308 1646.
2167 237 2239 312 ott

55 441 69 454 ·
189 405 463 494 interfecerunt,
495 429 576 478 erun
598 402 858 500 Episcoporum
880 409 1088 502 dignitatem
1110 433 1187 480 non
1235 407 1400 502 amplecti
1416 420 1451 478 et
1465 431 1661 502 propagare
1675 408 1833 495 vellent,
1852 422 1887 482 et
1909 409 2009 483 lieret
2031 412 2234 499 concordia,

190 509 400 596 violassent,
432 511 505 580 imo
533 511 676 602 procis
699 512 840 582 labores
866 513 1057 585 ministerii
1080 512 1206 585 susti-·
1235 512 1266 581 si
1289 512 1353 606 qui
1370 511 1536 602 deinceps
1550 512 1688 583 utiliter
1703 507 1883 582 Ecclesiae
1896 510 1966 584 Dei
1987 515 2156 586 servituri
2180 539 2234 586 es-

191 614 372 695 nuissent‚
402 636 442 684 ac
464 611 615 684 fuissent
635 614 792 684 ministri
812 615 862 707 pii
883 631 916 688 et
938 617 1125 702 salutares,
1148 630 1189 687 ut
1237 628 1330 700 sent,
1355 609 1423 683 hos
1439 627 1616 706 oporteret
1633 614 1740 684 etiam
1754 615 1941 708 perficere,
1966 630 2006 688 ut
2017 618 2234 688 necessariae
2313 677 2315 690 ,

190 717 298 788 multi
321 739 443 786 eorum
466 739 551 786 voce
580 717 624 786 ad
651 713 768 788 Deum
794 719 974 805 conversi,
1005 720 1090 790 facti
1118 719 1190 791 sint
1234 718 1435 787 functiones
1458 739 1523 808 per
1545 740 1628 788 suos
1650 730 1745 788 recte
1779 718 2128 796 administrarentur.
2186 716 2235 792 Et

192 815 361 890 haeredes
377 818 470 888 vitae
492 832 665 894 aeternae.
1236 843 1440 914 quanquam
1458 821 1569 914 aliqui
1585 819 1874 891 reformationem
1893 817 2157 915 Episcoporum
2178 823 2236 892 in-

291 920 332 992 si
353 946 438 992 vero
459 917 649 1014 Episcopi,
675 937 716 994 ut
737 918 927 1010 hactenus,
952 926 1001 995 ita
1023 925 1189 1016 deinceps
1236 923 1391 996 stituunt
1411 924 1455 991 ad
1475 936 1633 992 veterum
1653 945 1830 992 canonum
1850 925 2088 1006 severitatem,
2116 939 2235 996 tamen

192 1019 336 1094 hostilia
360 1022 491 1094 facient
520 1038 642 1095 contra
668 1025 886 1112 doctrinam,
919 1051 1026 1120 quam
1044 1027 1190 1120 prolite-
1235 1026 1428 1096 discrimen
1443 1039 1496 1096 est
1510 1025 1604 1096 inter
1619 1026 1784 1096 mandata
1799 1026 1939 1113 divina,
1964 1051 2056 1120 quae
2078 1041 2164 1098 sunt
2178 1052 2235 1099 ae-

193 1149 292 1210 mur,
318 1127 418 1196 nulla
441 1127 573 1218 poterit
587 1127 680 1197 inter
704 1129 784 1198 illos
806 1143 840 1200 et
864 1146 1004 1201 nostros
1027 1131 1190 1199 sacerdo·
1236 1142 1355 1214 terna,
1381 1152 1447 1196 nec
1465 1141 1611 1220 propter
1626 1127 1859 1219 imperiorum
1875 1131 2091 1200 mutationes
2110 1131 2235 1202 delen·

193 1242 245 1298 tes
262 1242 297 1298 et
313 1230 473 1299 doctores
487 1229 564 1298 fieri
580 1232 778 1300 concordia.
831 1230 931 1321 Quid
947 1257 1030 1302 vero
1048 1230 1190 1302 Princi-
1236 1231 1282 1300 da
1304 1243 1407 1316 sunt,
1434 1243 1468 1300 et
1493 1232 1660 1302 mandata
1685 1225 1862 1316 humana,
1897 1257 1987 1326 quae
2011 1233 2234 1325 temporibus

191 1353 272 1422 pes,
291 1344 326 1402 et
341 1332 479 1424 politici
493 1335 747 1421 gubernatores
763 1335 945 1405 civitatum
963 1335 1091 1406 facturi
1106 1335 1189 1418 sint,
1236 1346 1272 1403 et
1293 1357 1373 1402 curn
1402 1332 1562 1424 imperiis
1593 1345 1797 1413 mutantur,
1830 1334 1924 1404 sicut
1952 1359 2075 1406 omnes
2102 1335 2236 1406 cruditi

125 1430 130 1437 ’
192 1424 352 1524 ipsorum
377 1435 626 1505 deliberationi
651 1437 898 1528 relinquimus.
950 1435 1023 1506 Nos
1045 1437 1190 1530 quidem
1236 1435 1353 1506 sciunt
1375 1435 1519 1526 divinas
1540 1450 1574 1506 et
1597 1449 1758 1506 aeternas
1778 1435 1871 1525 leges
1893 1437 1999 1527 longe
2022 1438 2168 1508 differre
2191 1439 2235 1508 ab

191 1535 255 1630 qui
278 1537 348 1606 iarn
371 1537 569 1607 ministerio
584 1533 774 1628 Evangelii
787 1539 993 1629 fungimur,
1016 1564 1091 1608 non
1107 1563 1191 1631 pos-
1236 1533 1403 1608 humanis
1433 1539 1696 1608 senescentibus
1722 1549 1756 1606 et
1786 1537 2050 1610 intereuntibus
2080 1541 2235 1629 legibus:

192 1661 314 1712 sumus
337 1664 418 1708 cum
443 1640 507 1724 iis,
533 1640 597 1730 qui
619 1665 763 1710 manere
778 1643 905 1712 volunt
919 1637 1107 1732 Evangelii
1123 1638 1190 1711 ho-
1236 1637 1286 1710 Ut
1301 1641 1332 1708 si
1352 1638 1503 1711 Senatus
1517 1639 1712 1731 Spartanus
1730 1663 1826 1709 nunc
1843 1637 1998 1734 Lycurgi
2020 1642 2114 1730 leges
2129 1643 2235 1714 resti-

2313 615 2315 662 l

192 1753 280 1826 stes,
303 1743 531 1812 concordiam
544 1742 676 1826 facere,
709 1745 843 1815 exitum
864 1758 982 1815 autern
996 1741 1094 1830 Deo,
1127 1745 1190 1838 qui
1236 1755 1336 1812 tuere
1357 1742 1483 1828 vellet,
1511 1755 1552 1813 ut
1581 1743 1657 1833 agri
1687 1743 1925 1812 communiter
1951 1745 2173 1830 colerentur,
2203 1758 2236 1815 et
2316 1779 2317 1840 t

192 1857 243 1914 est
259 1843 372 1914 iustus
385 1844 512 1930 iudex,
540 1857 574 1916 et
595 1846 760 1938 promisit
780 1871 815 1916 se
830 1871 894 1917 sua
908 1849 1104 1939 praesentia
1120 1847 1190 1915 mi·
1235 1843 1353 1935 fruges
1369 1868 1433 1936 pro
1450 1845 1620 1939 cuiusque
1637 1843 1900 1937 patrisfamilias
1920 1846 2124 1916 necessitate
2140 1846 2236 1917 divi·
2316 1843 2317 1898 l

192 1945 380 2016 nisterium
395 1943 583 2036 Evangelii
597 1949 827 2020 defensurum
843 1973 934 2036 esse,
962 1953 1189 2020 commenda·
1236 1950 1416 2021 darentur.

192 2048 330 2134 bimus,
356 2063 473 2120 utram
487 2064 645 2142 partem,
671 2065 706 2122 et
724 2053 902 2145 quomodo
924 2075 990 2122 nos
1005 2065 1189 2145 protectu-
1335 2049 1432 2120 Haec
1447 2049 1585 2120 novitas
1603 2071 1678 2118 non
1702 2051 1899 2119 necessaria
1922 2047 1992 2132 †et
2007 2073 2158 2142 magnos
2177 2065 2235 2122 tu·-

192 2173 254 2220 rus
268 2150 331 2234 sit,
355 2152 447 2223 sicut
465 2146 657 2245 Apostolos
674 2178 815 2224 necesse
828 2155 899 2225 fuit
912 2151 989 2226 Deo
1006 2179 1188 2224 commen·
1235 2152 1370 2223 multus
1387 2148 1573 2245 paritura*
1600 2165 1705 2237 esset3
1732 2152 1825 2222 illud
1842 2165 1961 2222 tamen
1976 2176 2075 2232 nunc
2091 2178 2234 2248 quoque

194 2255 277 2324 dare
294 2249 471 2324 Ecclesiae
487 2255 542 2325 sui
556 2256 724 2348 temporis
740 2256 994 2331 defensionem.
1035 2256 1125 2326 Nam
1149 2271 1190 2328 nt
1235 2252 1635 2347 Spartaeneeessarium
1654 2267 1726 2339 est,
1747 2267 1790 2324 ut
1810 2255 1977 2326 mandata
1999 2253 2069 2326 Dei
2091 2278 2235 2326 serven-

193 2355 292 2446 prius
314 2357 450 2428 dictum
482 2370 550 2443 est,
580 2360 710 2429 seimus
739 2360 978 2430 ministerium
998 2355 1190 2449 Evangeli-
1211 2339 1216 2457 Ι
1234 2371 1313 2443 tur,
1338 2371 1379 2429 ut
1403 2351 1682 2450 prohibeantur,
1707 2369 1742 2426 ct
1763 2335 1962 2448 puniantu‘r
1982 2357 2136 2429 iniustae
2158 2381 2235 2429 cae·
2317 2425 2318 2448 ἶ

193 2481 274 2528 cum
300 2482 375 2530 non
404 2461 450 2529 ab
478 2455 645 2530 humanis
666 2461 927 2546 voluntatibus,
967 2475 1028 2532 aut
1055 2463 1190 2554 praesi-
1236 2462 1318 2546 des,
1345 2459 1533 2543 adulteria,
1556 2471 1621 2532 etc.

195 2559 271 2630 diis·
289 2563 464 2653 pendere,
488 2563 547 2632 sed
572 2563 705 2632 servari
729 2588 749 2632 a
774 2561 932 2634 Domino
961 2577 1083 2634 nostro
1110 2563 1190 2635 lesu
1338 2560 1391 2633 lta
1408 2562 1447 2630 in
1462 2557 1528 2631 hac
1543 2559 1814 2646 reformatione,
1840 2585 1920 2631 cum
1938 2562 2169 2634 manifestum
2192 2563 2234 2633 sit

193 2656 357 2748 Christo,
387 2677 427 2734 ut
453 2666 548 2756 apud
569 2663 723 2735 Hoseam
749 2665 895 2736 dicitur:
935 2660 1103 2736 Salvobo
1131 2689 1190 2736 cos
1236 2665 1275 2734 in
1296 2664 1396 2734 omni
1418 2663 1674 2754 gubernatione
1701 2687 1791 2756 opus
1814 2687 1888 2734 esse
1911 2665 2034 2736 multis
2062 2665 2234 2758 personis,

195 2761 236 2834 in
251 2761 421 2844 Domino
437 2760 522 2836 Deo
538 2789 623 2855 suo,
647 2774 679 2838 el
694 2790 769 2837 non
784 2763 941 2840 salvabo
957 2791 1016 2838 eos
1036 2765 1077 2838 in
1100 2791 1189 2839 arcu
1237 2781 1272 2839 et
1286 2762 1351 2836 has
1368 2767 1444 2837 sine
1460 2767 1557 2837 victu
1574 2778 1609 2836 ct
1623 2766 1699 2834 sine
1716 2765 1902 2858 stipendiis
1917 2767 2037 2836 vivere
2062 2791 2137 2837 non
2154 2791 2234 2860 pos-

196 2873 228 2936 el
244 2861 390 2964 gladio.
1239 2894 1294 2956 se,
1321 2893 1460 2940 necesse
1477 2869 1545 2939 erit
1561 2867 1666 2938 etiarn
1684 2863 1899 2960 Episcopos,
1926 2869 1990 2962 qui
2010 2869 2150 2942 faciunt
2170 2894 2232 2940 ne·

294 2968 461 3066 Denique
488 2974 533 3044 ad
564 2973 659 3066 piam
690 2975 917 3046 concordiam
936 2975 1037 3048 nulla
1061 2975 1119 3046 via
1140 2991 1191 3047 est
1240 2973 1407 3042 cessarios
1423 2985 1560 3042 sumtus
1576 2971 1618 3038 in
1637 2969 1912 3061 gubernatione,
1940 2965 2071 3041 habere
2084 2973 2233 3044 faculta-

195 3071 283 3159 alia,
304 3073 375 3144 nisi
396 3069 499 3146 haec:
531 3092 571 3148 ut
593 3073 762 3168 Episcopi
786 3103 904 3150 veram
931 3079 1130 3150 doctrinam
1157 3092 1192 3150 et
1238 3087 1291 3146 tes
1313 3074 1460 3167 aliquas.
1512 3070 1728 3166 Quanquam
1749 3087 1866 3144 autem
1889 3074 2100 3164 gubernatio
2123 3073 2234 3167 impe-

194 3174 391 3276 legitimum
417 3201 522 3248 usum
544 3177 856 3250 Sacramentornm
878 3181 1136 3273 amplectantur
1158 3194 1192 3250 et
1238 3177 1376 3247 riorum
1393 3189 1429 3246 et
1449 3175 1659 3245 immodicae
1680 3199 1766 3267 opes
1778 3175 1985 3266 impediunt
2007 3175 2234 3246 administra-

169 3275 174 3296 '
195 3300 262 3346 nos
284 3279 370 3369 ipsis
393 3294 563 3374 tanquam
584 3277 763 3350 Ecclesiae
785 3284 1084 3372 gubernatoribus
1105 3285 1192 3354 obe·
1238 3281 1375 3350 tionem
1389 3274 1630 3349 Ecclesiarum
1654 3290 1690 3347 et
1703 3278 1888 3348 literarum
1904 3277 2043 3363 studia,
2069 3291 2104 3349 et
2128 3279 2231 3350 multi

197 3379 353 3466 diamus;
379 3383 424 3450 ad
441 3384 535 3476 quod
560 3407 627 3451 nos
641 3383 836 3457 offerimus.
888 3383 974 3456 Plus
996 3386 1119 3474 largiri
1143 3387 1191 3454 si·
1239 3382 1291 3474 pii
1305 3395 1339 3452 et
1353 3382 1545 3473 prudentes
1559 3391 1642 3449 ante
1656 3373 1742 3450 haec
1758 3380 1872 3448 secula
1888 3403 1963 3449 non
1979 3393 2112 3452 temere
2126 3405 2233 3476 quae·

196 3505 242 3550 ne
270 3504 396 3572 magno
427 3497 568 3576 peccato
596 3499 658 3556 aut
688 3486 765 3555 sine
787 3488 1001 3566 contumelia
1024 3484 1092 3557 Dei
1116 3512 1191 3558 non
1239 3484 1285 3554 sti
1300 3495 1401 3566 sunt,
1425 3478 1622 3574 Episcopos
1640 3482 1793 3552 nimium
1807 3495 1997 3574 occupatos
2014 3505 2087 3552 esse
2113 3485 2232 3576 profa-

194 3606 393 3676 possumus.
444 3583 499 3657 Ex
515 3582 581 3657 hac
597 3587 853 3678 significatione
869 3603 1011 3660 nostrae
1024 3591 1191 3662 volunta·
1239 3587 1295 3656 nis
1316 3585 1467 3675 negotiis
1489 3584 1722 3677 imperiorum
1747 3597 1781 3654 et
1812 3609 1920 3675 opum
1954 3608 2100 3656 suarum
2130 3610 2232 3656 cura:

197 3687 241 3758 tis
255 3687 446 3760 deferentis
463 3691 500 3758 in
517 3683 585 3760 hoc
599 3714 682 3760 casu
696 3692 946 3772 obedientiam,
961 3693 1189 3764 manifestum
1239 3687 1379 3760 Tamen
1403 3699 1589 3779 postquam
1613 3711 1710 3756 nunc
1731 3687 1812 3757 talis
1836 3701 1887 3757 est
1907 3687 2034 3778 politia
2059 3699 2095 3758 et
2122 3713 2233 3780 opurn

196 3803 266 3876 est,
286 3813 353 3860 nos
369 3791 455 3862 satis
476 3806 655 3864 excusatos
672 3817 753 3863 cum
770 3795 875 3864 nobis
897 3795 1084 3866 obiicitur:
1117 3795 1190 3866 Nos
1238 3791 1430 3874 ordinatio,
1454 3803 1489 3860 et
1500 3785 1668 3881 Episcopi
1687 3791 1878 3880 prudentes
1893 3803 1929 3860 et
1943 3786 2233 3862 timentesDenrn

196 3895 438 3965 contumaciae
476 3907 510 3964 et
541 3890 789 3967 schismatibus
821 3921 978 3968 caussam
1011 3900 1190 3990 praebere.
1237 3908 1331 3965 recte
1344 3893 1399 3964 uti
1413 3892 1485 3962 suis
1498 3887 1724 3962 facultatibus
1737 3905 1900 3984 possent,
1924 3913 1991 3961 nos
2008 3891 2108 3961 illam
2124 3915 2234 3985 opum

196 3993 255 4065 Ad
279 3991 428 4082 idhaec
450 3999 632 4090 responsio
655 4013 716 4072 est.
772 3997 848 4070 Nos
867 4001 996 4070 offerre
1019 3999 1190 4072 obedien·
1238 4009 1273 4068 et
1294 3997 1473 4067 ditionum
1497 3993 1754 4086 possessionem
1776 4018 1851 4063 non
1879 3995 2075 4064 turbamus.
2137 3991 2234 4065 Illud

196 4096 300 4182 tiam,
314 4098 344 4166 si
357 4125 432 4169 non
445 4102 625 4192 postulent
641 4125 661 4170 a
676 4103 800 4186 nobis,
814 4115 856 4172 ut
871 4103 1056 4173 veritatem
1066 4099 1189 4174 Evan-
1237 4112 1358 4169 autem
1380 4097 1534 4187 agimus,
1556 4111 1597 4166 ut
1620 4095 1675 4165 illi
1690 4095 1759 4187 ipsi
1774 4093 1943 4188 Episcopi
1958 4109 1993 4167 et
2008 4095 2175 4186 collegia,
2200 4110 2235 4168 et

196 4199 279 4289 gelii
294 4199 502 4272 abiiciamus
515 4215 550 4272 et
565 4204 783 4277 damnemus.
1237 4201 1362 4294 populi
1381 4200 1525 4269 illarum
1539 4199 1716 4268 ditionum
1735 4200 1779 4268 ad
1796 4221 1915 4268 veram
1930 4192 2068 4270 Christi
2080 4199 2234 4288 agnitio-

297 4299 367 4372 Hic
388 4305 418 4372 si
440 4303 633 4376 obiiciuntt
666 4309 917 4398 expectandam
942 4331 1056 4378 essea
1083 4308 1189 4378 nobis
1236 4327 1319 4374 nem
1344 4315 1379 4374 et
1399 4325 1520 4372 veram
1543 4300 1806 4372 invocationem
1829 4297 1898 4370 Dei
1919 4299 2163 4392 adducantur,
2193 4313 2234 4372 nt

197 4403 437 4492 cognitionem
451 4407 784 4495 controversiarum,
792 4411 947 4482 vicissim
957 4409 1189 4502 opponimus:
1236 4429 1353 4476 mores
1371 4403 1619 4492 collegiorum,
1644 4402 1708 4497 qni
1728 4415 1813 4473 sunt
1833 4401 1966 4472 similes
1989 4398 2234 4474 nuncEtbni-

196 4507 357 4576 damnari
376 4531 442 4579 nos
465 4508 596 4580 iniuste
619 4523 706 4580 ante
719 4514 974 4604 cognitionem,
994 4528 1035 4586 et
1058 4513 1189 4584 iniuste
1236 4510 1304 4595 cis,
1329 4508 1579 4590 emendentur,
1600 4517 1642 4576 ut
1655 4517 1792 4576 constat
1803 4501 2003 4574 Canonicos
2020 4504 2233 4600 plaerosque

103 4683 105 4694 ,
196 4608 439 4680 cnrdelitatem
468 4611 621 4682 exerceri
651 4614 757 4684 rebus
792 4619 955 4688 nondum
984 4616 1189 4687 diiudicatis
1236 4613 1379 4703 ignaros
1408 4631 1481 4678 esse
1502 4607 1685 4678 doctrinae
1706 4601 1861 4693 Christi,
1890 4601 2047 4678 Ethnica
2070 4608 2235 4700 profani-

194 4735 279 4782 vero
291 4707 468 4781 Ecclesiae
480 4714 625 4788 iudicio.
1237 4727 1309 4787 tate
1327 4725 1594 4783 contemnentes
1622 4709 1848 4800 religionem,
1877 4709 2016 4780 deditos
2044 4710 2235 4781 obscoenis

295 4811 478 4885 Praeterea
493 4815 598 4886 multi
614 4841 655 4887 ex
671 4817 757 4908 ipsis
776 4819 893 4890 sciunt
908 4821 1106 4890 doctrinam
1121 4845 1189 4891 no·
1236 4813 1490 4908 voluptatibus.
1540 4809 1703 4906 Cumque
1717 4812 1906 4904 praecipua
1925 4825 1959 4882 et
1978 4809 2126 4904 propria
2149 4837 2234 4884 cura

192 4931 347 4988 strarum
376 4911 634 5006 Ecclesiarum,
670 4919 763 4992 sieut
795 4923 835 4990 in
863 4917 1031 4992 Ecclesiis
1056 4925 1188 4994 nostris
1237 4941 1311 4989 esse
1327 4915 1567 5006 collegiorum
1591 4916 1751 4995 deberet,
1786 4915 1912 4984 docere
1932 4909 2173 5004 Evangelium
2200 4929 2234 4986 et

193 5019 427 5112 proponitur,
459 5034 494 5092 et
522 5020 612 5092 sicut
635 5045 712 5092 eam
732 5023 804 5094 iam
834 5047 936 5116 saepe
964 5025 1003 5093 in
1024 5023 1188 5097 Comitiis
1236 5024 1275 5092 in
1306 5019 1380 5090 suis
1406 5018 1627 5088 dioecesibus
1655 5039 1868 5109 propagare,
1909 5015 2139 5086 manifestum
2171 5033 2233 5104 est,

192 5122 343 5198 confessi
356 5146 479 5194 sumus
501 5136 535 5194 et
549 5123 820 5211 declaravimus,
847 5139 881 5196 ct
906 5127 1027 5197 dextre
1050 5151 1091 5198 ac
1112 5151 1188 5198 non
1235 5123 1397 5196 omnium
1428 5121 1581 5190 maxime
1609 5119 1655 5190 ab
1690 5120 1740 5190 eis
1767 5117 1900 5208 negligi
1924 5129 1959 5187 et
1981 5118 2234 5208 superbissime

192 5226 409 5300 calumniose
425 5227 641 5297 intellectam
657 5249 777 5298 veram
796 5241 831 5298 et
847 5228 1020 5300 sinceram
1036 5225 1187 5300 catholi-
1235 5223 1416 5300 contemni
1430 5240 1561 5294 munus
1575 5223 1739 5296 docendi.
1799 5219 1908 5292 lnitio
1923 5219 2069 5311 collegia
2086 5221 2234 5294 fuerunt

192 5353 252 5402 cae
267 5323 337 5400 Dei
359 5325 537 5400 Ecclesiae
560 5329 772 5400 sententiam
796 5353 881 5400 esse.
934 5329 1074 5420 Quodsi
1097 5327 1186 5423 Epi·
1234 5325 1478 5400 honestissimi
1499 5339 1622 5398 coetus
1641 5323 1944 5395 sanctissimorum
1972 5335 2008 5392 et
2030 5322 2232 5394 eruditissi-

190 5433 286 5526 scopi
320 5455 440 5502 veram
474 5432 673 5530 doctrinam
707 5427 948 5503 Ecclesiarum
983 5447 1186 5534 nostrarum
1235 5453 1377 5504 morum
1397 5425 1586 5500 hominum
1613 5441 1689 5500 toto
1717 5427 1803 5496 orbe
1826 5439 2003 5498 terrarum
2024 5425 2228 5498 docentium
