4754 5806
112 217 164 298 ao
695 199 1133 286 ammoneatur
1189 199 1297 286 uto.
1329 189 1398 284 uc.
1450 169 1586 283 1648.
1669 277 1675 286 ,
2111 215 2162 292 ro

117 379 369 476 conspicimus.
408 373 458 454 Et
470 377 616 473 quidem
629 375 750 448 ferunt
765 374 953 466 scriptores
968 385 1114 458 veteres,
1166 369 1317 459 multos,
1341 369 1405 468 qni
1419 369 1559 451 labores
1573 368 1780 470 pracsertim
1801 364 2028 448 scholasticos
2049 399 2158 474 appe.

118 483 304 565 Christum
320 482 524 554 crucifixum
540 503 613 569 esse
626 479 683 549 die
699 473 761 552 25.
770 475 907 562 Martii,
930 499 1002 572 quo
1016 497 1114 544 crea·
1165 485 1253 549 taut.
1683 559 1686 569 1
1839 537 1847 546 ,
1952 555 1960 568 .

119 598 250 660 tumet
266 579 385 656 Adam
400 596 434 654 et
443 577 626 654 Christum
639 591 848 672 conceptum
863 599 937 648 csse
950 575 1113 648 trad-itur.
1268 587 1384 664 Deum
1399 613 1484 678 ΜΟ,
1507 601 1548 664 uf
1563 603 1598 664 οἱ
1614 590 1868 685 mpugpfflm
1883 607 2035 666 gemam
2049 610 2084 670 et
2099 622 2157 670 ee·

224 700 344 773 Hodie
362 695 421 769 hic
440 720 555 768 annus
582 696 736 767 celebrat
767 691 1035 766 resurrectionis
1061 691 1115 760 fe·
1168 693 1289 768 clesias
1307 705 1439 764 vestras
1463 705 1498 764 et
1516 703 1569 780 te,
1609 716 1715 786 quem
1740 717 1816 772 non
1841 695 1967 768 dubito
1993 699 2157 773 ecclesiae

119 819 227 877 unm.
246 807 258 822 “
279 801 333 872 Ac
349 813 506 893 tempora
523 791 767 868 nosdehuius
783 795 985 865 admirandi
1005 795 1117 864 bene-
1161 793 1236 866 Dei
1254 787 1438 867 κοινωνὸν
1458 816 1551 888 esse,
1590 808 1704 878 servet
1727 818 1767 875 ac
1790 807 1898 892 regat.
1947 793 2045 870 Bene
2069 804 2158 879 vale.

120 906 194 975 ficii
208 903 453 993 magnitudine
467 903 693 974 admoueant.
731 894 979 988 Adiungamus
993 907 1116 965 nostra
1167 895 1342 970 Postridie
1356 894 1532 978 Pascatos,

121 1021 205 1077 rota
236 1019 269 1076 et
295 1017 428 1094 gratam
451 996 749 1094 praedicationem
773 999 817 1068 ad
840 997 1002 1068 omnium
1023 1010 1116 1068 tem-

119 1131 253 1200 porum
267 1103 473 1184 Ecclesiam,
500 1104 572 1172 imo
587 1102 632 1174 ad
647 1113 804 1186 coetum,
830 1100 893 1194 qni
909 1099 980 1168 iam
995 1120 1115 1168 coram

120 1210 195 1299 agit
208 1209 338 1297 gratias
355 1207 430 1276 filio
445 1203 513 1274 Dei
536 1205 577 1274 in
600 1203 717 1290 coelo.
741 1215 777 1273 et
797 1201 971 1272 modestia
993 1212 1115 1272 nostra

121 1310 369 1390 ostendamus,
394 1329 461 1376 nos
476 1305 568 1376 allici
583 1305 691 1376 rebus
711 1303 838 1392 tantis,
864 1316 898 1376 et
920 1303 1115 1376 versari-in

119 1435 244 1484 earum
260 1409 499 1484 meditatione.

227 1526 442 1598 Mandonius
457 1525 582 1611 etiarn,
607 1538 738 1598 uteros
761 1525 893 1618 singuli
917 1521 1116 1598 scholastici

59 1693 64 1698 ,
121 1633 276 1704 offerant
287 1651 350 1698 sua
372 1651 519 1698 munera
541 1629 587 1696 ad
608 1649 725 1714 aram,
749 1641 791 1698 ut
813 1629 993 1700 declarent
1011 1651 1115 1700 suum

121 1733 281 1804 studium
304 1751 387 1818 erga
415 1729 596 1799 ministros
609 1725 810 1820 Evangelii.
859 1727 1000 1801 Videtis
1027 1753 1117 1824 quae
1236 1738 1612 1818 prttbtv.p.17⁵rq.
1739 1717 1743 1724 ’

122 1836 197 1904 sint
213 1830 391 1923 tempora!
428 1828 630 1920 Cogitemus
644 1853 811 1921 magnum
824 1827 894 1902 Dei
906 1831 1117 1902 beneficium
1147 1875 1148 1878 =
1518 1898 1526 1919 ,

121 1959 217 2019 esse,
238 1933 278 2002 in
298 1957 382 2023 pace
395 1931 586 2001 convenire
605 1932 814 2023 pioscoctus
837 1935 882 2002 ad
900 1932 1115 2004 audiendam
1460 1893 1576 1978 Vm
1600 1896 1819 1980 77⁸de
1828 1932 1861 1982 ⁰⁰

121 2035 311 2125 Evangelii
328 2057 462 2107 vocem.
499 2031 663 2124 Quantus
678 2033 794 2105 luctus
811 2047 863 2104 est
874 2035 1026 2126 piorum,
1051 2034 1117 2104 ubi
1168 2010 1287 2129 Quod
1301 2024 1455 2104 faustum
1472 2047 1507 2106 et
1525 2036 1610 2107 felix
1629 2038 1694 2127 sit,
1717 2038 1845 2118 Cariss.
1860 2037 1966 2135 Vite,
1990 2053 2090 2125 venit
2111 2058 2158 2128 ad

123 2137 279 2209 Turcica
302 2159 399 2206 arma
418 2134 619 2226 impediunt
641 2157 865 2224 congressus,
898 2136 1116 2221 concionem,
1167 2158 1231 2206 vos
1256 2127 1474 2206 Joactimas
1503 2140 1798 2236 λευκοπετραῖος,
1835 2147 1935 2219 cuius
1963 2150 2158 2244 ingenium,

122 2235 376 2330 disciplinam?
425 2234 545 2324 Quare
557 2247 598 2306 ut
612 2237 675 2305 diu
697 2237 801 2306 nohis
826 2239 995 2308 concedat
1014 2249 1116 2307 tran·
1168 2236 1424 2323 eruditionem,
1449 2250 1484 2309 et
1498 2239 1707 2310 modestiam
1720 2267 1793 2313 non
1809 2246 1934 2320 dubito
1948 2277 2011 2323 vos
2027 2260 2157 2344 proba.

123 2341 339 2436 quillitatem
355 2335 472 2423 Deus,
496 2340 688 2406 referamus
708 2361 784 2406 eam
805 2339 850 2408 ad
871 2338 1021 2428 gloriam
1036 2336 1116 2424 Dei,
1168 2349 1266 2410 turos
1280 2359 1365 2412 esse.
1416 2333 1577 2412 Aetatem
1593 2340 1750 2412 fortassis
1767 2347 1954 2440 requiretis
1975 2356 2156 2438 maiorem.

121 2467 199 2512 non
213 2443 404 2510 abutamur
418 2462 469 2512 ea.
518 2433 573 2509 Ac
589 2440 633 2518 de
649 2432 779 2508 scholis
792 2439 936 2532 quidem
949 2434 1018 2510 hoc
1033 2461 1115 2509 vere
1168 2439 1239 2512 Sed
1270 2439 1375 2510 sarcit
1404 2433 1491 2525 hoc,
1533 2443 1631 2534 quod
1649 2435 1876 2536 desideratis,
1906 2455 2157 2531 moderatione

121 2545 194 2615 dici
216 2553 348 2635 potest,
379 2540 561 2629 singulare
577 2537 646 2608 Dei
667 2541 877 2610 beneficium
901 2563 993 2627 esse,
1018 2541 1115 2634 quod
1167 2565 1320 2612 morum.
1371 2537 1430 2610 Tu
1446 2541 1550 2611 etiam
1565 2565 1663 2632 reges
1680 2545 1756 2616 eius
1775 2551 1935 2628 consilia.
1984 2553 2034 2628 Et
2054 2574 2095 2632 ut
2115 2563 2155 2632 in

121 2643 379 2738 aliquantisper
394 2641 433 2709 iu
450 2639 642 2710 Germania
657 2643 830 2733 quaedam
845 2641 1028 2712 literarum
1050 2645 1116 2711 do-
1168 2641 1305 2714 Graeco
1324 2639 1519 2713 Proverbio
1541 2643 1672 2732 dicitur
1693 2639 1796 2729 πόλις
1823 2647 1945 2749 ἄνδρα
1978 2651 2144 2734 διδάσκει
2223 2641 2228 2654 ’

119 2748 256 2816 micilia
277 2743 470 2834 tranquilla
494 2743 658 2826 suerunt,
698 2766 851 2836 quorum
875 2743 1116 2836 tranquillitas
1166 2745 1279 2814 multa
1294 2767 1375 2812 eum
1390 2741 1961 2843 ipseUrbisrestraeoonspectus
1985 2719 2156 2839 monebit:

122 2861 163 2919 ut
185 2849 233 2918 sit
263 2845 455 2926 diuturna,
491 2844 594 2912 saciat
622 2842 717 2913 filius
738 2841 808 2913 Dei
832 2867 915 2914 suae
938 2840 1115 2914 Ecclesiae
1166 2843 1305 2915 Vellem
1324 2845 1505 2937 equidem,
1536 2868 1615 2916 eum
1641 2870 1715 2920 esse
1738 2851 1986 2931 excitatiorem.
2025 2860 2096 2932 Sed
2119 2866 2156 2936 id

121 2963 241 3021 custos
258 2959 292 3017 et
308 2938 483 3019 defensor.
534 2943 657 3014 Pridie
671 2942 847 3019 Pascatos.
877 2943 987 3017 Anno
1007 2943 1115 3017 1645.
1168 2969 1310 3039 quoque
1326 2967 1399 3029 res,
1423 2957 1579 3035 tempus,
1604 2945 1698 3020 Urbs
1722 2957 1939 3026 consuetudo
1962 2961 2157 3036 amicorum

1113 3091 1115 3096 ,
1166 3047 1337 3120 adferent.
1380 3044 1435 3118 Dc
1450 3047 1594 3116 caeteris
1607 3050 1712 3119 rebus
1728 3065 1809 3124 aute
1824 3057 2008 3129 octiduum
2023 3066 2156 3157 scripsi,

1168 3173 1208 3218 ac
1232 3161 1310 3219 tuas
1332 3147 1402 3216 iam
1427 3147 1548 3216 literas
1576 3163 1731 3242 expecto.
1787 3151 1894 3227 Hunc
1922 3155 2157 3238 Inachimum

940 3291 999 3354 23,
1018 3281 1108 3352 Mam
1168 3249 1235 3322 tibi
1252 3251 1479 3333 commendo,
1506 3248 1536 3318 si
1552 3275 1621 3343 qua
1636 3251 1704 3323 erit
1717 3256 1853 3328 occasio
1869 3259 1912 3328 de
1937 3281 2056 3334 mensa
2080 3269 2156 3340 eius
2220 3235 2224 3250 Ι

959 3374 1098 3432 ’σν-γ
1169 3350 1378 3441 cogitabitis.
1426 3347 1518 3420 Nam
1534 3351 1677 3441 ignarus
1695 3352 1803 3426 Urbis
1819 3372 1954 3431 vertrae
1975 3379 2068 3436 certe
2092 3363 2159 3439 ha-

397 3455 454 3536 Η,
482 3452 845 3566 Baumgartnero,
1169 3453 1229 3523 het
1253 3439 1343 3543 opus
1366 3447 1531 3546 προξένῳ
1554 3453 1686 3546 aliquo.
1743 3451 1792 3526 Et
1823 3471 1859 3528 te
1886 3464 2061 3555 suscipere
2091 3471 2158 3539 ali.

650 3584 653 3590 ’
1170 3577 1276 3646 quam
1296 3551 1492 3622 molestiam
1513 3553 1553 3621 in
1574 3549 1643 3625 hoc
1667 3577 1808 3644 genere,
1840 3561 1881 3629 in
1903 3563 2068 3638 iuvandis
2083 3585 2158 3642 stu-

1169 3654 1278 3726 diosis
1293 3666 1451 3746 tempora
1467 3668 1615 3744 cogunt,
1639 3669 1680 3726 ut
1694 3657 1804 3728 vides.

1678 993 1870 1092 Philippus
1884 997 2111 1076 Melanthon.

1167 1369 1361 1450 Naissus.

1169 1469 1376 1505 m
1986 1473 2157 1518 Μ

1468 1556 1873 1676 immibmdmss

118 3283 189 3356 No.
209 3277 322 3354 2665.
376 3391 379 3398 ι

125 3378 301 3410 Μ

192 3642 213 3703 †
230 3633 269 3688 Ex
282 3631 436 3706 apographo
451 3631 638 3687 Melanthonir
652 3629 681 3686 in
696 3631 758 3687 cod.
774 3631 886 3688 Monac.
900 3631 921 3686 l.
938 3650 967 3706 p.
980 3632 1043 3691 272.

122 3787 286 3866 Clariss.
311 3801 343 3861 et
372 3789 508 3890 optimo
543 3787 639 3871 viro,
657 3787 660 3794 ’
680 3785 735 3862 D.
762 3785 953 3860 Hieron.
981 3787 1117 3860 Bom-
1269 3785 1451 3858 Tueamur
1472 3782 1744 3862 has-literarum
1770 3771 1956 3888 reliquias,
1986 3815 2159 3894 quantum

121 3903 368 3991 garinero,
400 3889 575 3964 Senatori
598 3885 886 3984 Noribcrgensi,
915 3889 1117 3963 amicosuo
1169 3885 1451 3958 Deusconcedit.
1501 3887 1620 3958 Hodie
1643 3917 1722 3961 cum
1743 3893 1846 3964 lectio
1864 3893 2077 3989 Evangelica
2103 3930 2159 3976 re·
2214 3938 2224 3950 ⁸

512 4081 514 4088 ,
557 3991 685 4062 cariffi
1169 3989 1352 4070 citaretur,
1377 3989 1474 4058 venit
1493 3985 1581 4057 mihi
1599 3991 1637 4058 in
1653 4007 1806 4062 mentem
1834 4010 2031 4086 postremae
2048 4001 2160 4076 Sene-

118 4115 169 4204 S·
194 4129 241 4203 D.
291 4127 473 4199 Proximas
487 4125 607 4196 literas
627 4127 710 4196 dedi
732 4113 959 4212 scholastico,
990 4129 1051 4222 qui
1077 4129 1116 4198 in

120 4233 255 4326 oppido
271 4231 424 4324 quodam
439 4240 555 4296 vestro
572 4242 676 4298 natus
698 4241 766 4312 est,
792 4253 878 4321 quas
901 4229 989 4298 scire
1012 4232 1115 4322 cupio

120 4361 169 4405 an
193 4331 378 4422 acceperis.
436 4325 540 4398 Nunc
561 4329 628 4398 tibi
651 4331 859 4400 commendo
882 4323 1115 4400 [oachimum

120 4432 409 4526 λευκοπετραῖον
425 4422 489 4524 *),
517 4431 717 4500 modestum
747 4443 782 4499 et
810 4431 988 4512 eruditum
1015 4433 1116 4502 iuve-

119 4561 218 4609 nem.
277 4533 359 4606 Scio
391 4553 454 4600 vos
486 4553 605 4600 mores
633 4545 669 4602 et
696 4531 880 4621 ingenium
902 4532 1115 4624 probaturos

119 4659 217 4725 esse3
243 4637 304 4705 sed
321 4645 468 4704 aetatem
484 4633 656 4702 maiorem
670 4632 817 4701 fortasse
833 4632 955 4702 civitas
977 4633 1114 4703 deside-

117 4740 231 4812 rabit:
278 4733 368 4816 Sed,
394 4728 619 4815 mihicrede,
645 4733 750 4803 sarcit
765 4734 801 4802 id
817 4735 912 4826 quod
935 4735 1114 4826 requiritis

114 4835 287 4934 gravitate
304 4849 340 4906 et
354 4834 595 4906 moderatione
609 4833 732 4907 animi.
782 4830 877 4902 Aule
893 4853 1012 4904 annos
1027 4833 1114 4904 oni-

117 4961 288 5037 mumque
300 4933 395 5031 gerit
412 4955 606 5032 curamque
621 4929 773 5007 virilem.
823 4933 876 5005 Ita
901 4937 1005 5005 multi
1028 4961 1112 5014 evo,-

117 5056 247 5116 cantur
260 5063 303 5110 ex
319 5031 458 5124 schola,
483 5051 611 5109 utnon
633 5031 826 5108 habeamus
852 5037 1001 5128 grandes
1024 5053 1111 5110 natu

116 5207 334 5231 ..ὕ-...-

150 5296 183 5365 *)
235 5311 304 5348 cer
318 5271 420 5364 oppido
434 5287 632 5346 Weissenielr.
673 5286 737 5346 vid.
754 5287 787 5344 de
807 5306 841 5345 eo
860 5307 903 5363 ep.
922 5289 1108 5349 ed'kbeodcr.

184 5315 601 5420 idumeamum

1169 4103 1242 4160 ctae
1256 4088 1400 4174 mundi3
1428 4112 1511 4188 cum
1524 4089 1648 4160 dicunt
1665 4093 1736 4160 duo
1759 4095 1930 4183 viatores,
1960 4099 2070 4172 Mane
2091 4129 2158 4174 no-

1168 4193 1324 4276 biscum,
1357 4186 1531 4275 Domine,
1564 4191 1647 4284 quia
1682 4193 1757 4263 dies
1792 4195 1995 4274 inclinatur.
2053 4201 2158 4278 Nunc

1168 4317 1245 4362 eam
1270 4313 1393 4362 vocem
1415 4305 1517 4361 sonat
1539 4287 1716 4379 Ecclesia,
1751 4299 1917 4368 tenebrae
1938 4302 2156 4396 impendent,

1168 4395 1357 4464 clamemus
1373 4391 1498 4481 igitur,
1523 4415 1627 4463 mane
1642 4395 1826 4467 nobiscum
1837 4395 1982 4494 χρίστε,
2006 4415 2040 4474 et
2054 4429 2155 4480 serva

1166 4495 1344 4588 reliquias.
1394 4489 1442 4562 Et
1459 4487 1543 4563 haec
1559 4509 1731 4584 geruntur
1750 4498 1790 4596 in
1813 4500 1911 4582 vico,
1937 4505 2000 4596 qui
2022 4527 2153 4580 nomen

1166 4590 1272 4666 habet
1302 4591 1469 4684 apopuli
1492 4619 1589 4681 arce,
1630 4597 1669 4666 id
1697 4612 1749 4669 est
1769 4600 1809 4668 in
1829 4595 1998 4679 Ecclesia.
2055 4605 2153 4682 Bene

1165 4697 1254 4772 vale.
1302 4693 1478 4788 Postridie
1489 4691 1688 4771 Paschatos.

1673 4826 1768 4900 Phili
1770 4855 1861 4925 ppus
1876 4831 2101 4918 Melanthea.
