4670 5806
81 259 146 334 477
632 253 1071 336 EPISTOLARUM
1105 253 1255 334 'Ltus'
1279 253 1344 329 IX.
1397 253 1532 334 1544.
2027 261 2109 335 478

81 445 124 502 est
136 433 178 499 de
194 423 372 525 Philippu
386 441 426 498 er
447 428 675 498 ordinatione
691 425 918 512 Coloniensi,
943 427 982 495 in
991 449 1061 520 qua
1113 419 1252 520 sem'),
1286 431 1361 496 nou
1376 428 1476 498 volui
1499 423 1555 498 hi's
1576 429 1690 499 literis
1705 427 1923 502 cummiltere
1937 433 2105 502 res'area-

81 547 187 602 aaran
210 533 269 601 ille
292 528 386 600 nihil
404 532 603 621 composuit
618 524 701 624 περὶ
717 523 969 623 εὖχαριστίας;
996 551 1062 598 nec
1111 548 1187 597 nas.
1226 525 1441 598 Memoriam
1460 531 1634 602 amicitiae
1650 545 1730 601 tuae
1752 555 1890 602 mecum
1914 531 2065 604 circumi
2083 575 2104 590 -
2191 573 2194 580 Δ

78 629 207 702 Buceri
220 633 391 704 scatentia
406 631 480 700 visa
498 643 549 700 est
561 632 594 700 ei
612 631 846 720 improbanda
865 651 949 712 esse,
964 631 1061 722 quod
1109 649 1206 708 ram,
1241 629 1446 722 ubieunque
1470 655 1540 704 ero.
1605 631 1717 713 Nam,
1750 627 1809 716 hic
1833 634 2003 726 quamdiu
2026 656 2130 706 esse.

79 738 115 801 ad
131 735 325 804 doctrinam
341 732 475 826 attinet.
512 731 583 803 Sed
600 723 1061 826 nosterCyzizensis[Ams-
1110 729 1420 820 possum‚ignoro.
1475 726 1704 807 Valentinus
1722 728 1781 804 hic
1795 736 1937 806 functus
1952 748 2005 805 est
2019 751 2101 806 inu-⁴

79 833 197 933 dori.],
223 849 264 906 nt
290 852 341 906 cst
368 833 522 922 rigidus,
547 835 652 902 eliam
674 827 742 904 τὸν
757 827 937 926 ἡμέτερον
952 824 1060 902 διδά-
1108 831 1599 920 nerefamulicommunisin
1613 834 1775 924 collegio.
1826 834 2099 906 Fecitolficium

78 943 206 1007 oraton
221 929 456 1032 [bulherum]
476 934 722 1007 inflammavit.
783 931 856 1018 Ac,
883 947 923 1004 ut
941 933 1060 1019 audio,
1108 953 1212 1000 suurn
1231 933 1314 1002 satis
1337 933 1506 1008 fideliter.l
1557 933 1661 1006 Nunc
1683 937 1823 1028 quaerit
1843 937 1948 1006 aliam
1973 938 2100 1006 condi-

76 1051 220 1130 puguat,
245 1062 290 1106 ne
306 1030 560 1130 synecdochen
575 1036 718 1128 quidem
743 1035 999 1105 admittendam
1019 1034 1059 1103 in
1108 1032 1259 1117 tionem,
1285 1057 1324 1102 ac
1346 1059 1404 1103 me
1424 1035 1580 1126 rogavit,
1604 1051 1646 1106 ut
1662 1059 1699 1106 se
1717 1037 1782 1108 tibi
1798 1040 2096 1110 commendarem.

76 1141 184 1210 verbis
209 1163 355 1224 coenae3
383 1163 423 1207 ac
443 1151 578 1222 noster,
605 1159 686 1205 curn
708 1137 804 1226 apud
826 1137 929 1205 illum
945 1157 1059 1226 nuper
1106 1129 1197 1202 Nam
1214 1133 1243 1201 si
1258 1134 1297 1202 in
1312 1137 1427 1225 patria
1444 1161 1518 1206 non
1534 1137 1693 1208 inveniet
1707 1139 1825 1208 locum
1841 1139 1879 1206 in
1894 1134 2015 1209 schola
2031 1139 2099 1208 ali·-

76 1242 152 1324 init,
187 1241 319 1310 dicitur
347 1239 511 1310 libellum
529 1239 717 1328 scripsisse
734 1229 789 1332 ⁴),
830 1239 892 1330 qni
922 1237 1059 1306 nemini
1106 1257 1194 1326 qaia,
1220 1237 1375 1307 decrevit
1388 1239 1433 1306 ad
1450 1251 1485 1307 te
1499 1238 1681 1328 proficisci.
1731 1235 2100 1330 Egotibiuibilone-
2203 1279 2206 1285 ·

75 1338 293 1412 adhucvisus
311 1356 380 1426 est,
407 1353 569 1424 etnunc,
594 1339 778 1422 utaudio,
804 1339 1058 1430 paratiormu-
1105 1334 1155 1403 ris
1183 1335 1341 1426 impono.
1401 1337 1472 1409 Sed
1495 1354 1613 1409 umen
1640 1339 1708 1409 erit
1737 1331 1969 1411 humanitatis
2003 1355 2098 1428 tuae,

75 1445 156 1526 lam,
198 1445 255 1512 cui
278 1442 356 1512 vult
379 1464 445 1511 nos
477 1463 599 1510 ornnes
629 1439 870 1524 subscribere,
909 1440 1057 1510 fortasse
1105 1459 1212 1528 quam
1228 1437 1300 1506 scio
1317 1461 1391 1508 esse
1407 1441 1572 1510 eximiam
1589 1440 1804 1512 adolescenti
1817 1443 2036 1532 confugienti
2052 1445 2099 1513 ad

74 1559 202 1636 postea,
228 1569 317 1638 quae
334 1542 489 1633 scripsit,
524 1541 695 1614 editurus.
748 1537 852 1611 Certe
871 1535 940 1610 hoc
956 1565 997 1610 ex
1015 1563 1056 1610 eo
1104 1548 1201 1606 tuam
1222 1537 1328 1607 fidem
1351 1553 1386 1610 et
1406 1541 1704 1614 benevolentiam.
1758 1540 1957 1613 Scriberem
1983 1546 2099 1634 plura,

76 1647 225 1714 audilam
250 1659 303 1715 est
334 1645 493 1724 dicente,
517 1665 572 1724 se,
602 1641 734 1735 siquis
761 1655 924 1712 nostrum
954 1642 1058 1712 aliter
1104 1635 1133 1706 si
1149 1650 1244 1708 certo
1259 1639 1403 1726 scirem,
1424 1642 1544 1714 literas
1558 1645 1603 1713 ad
1622 1657 1654 1713 te
1670 1657 1900 1734 perventuras
1917 1667 2000 1714 esse.
2026 1645 2098 1718 Sed

74 1771 167 1840 quam
183 1747 257 1836 ipse
280 1747 425 1830 sentiat,
450 1740 598 1814 hicnon
614 1745 824 1814 duraturum
847 1765 931 1814 esse.
983 1740 1056 1813 lta-
1104 1739 1203 1808 hrevi
1228 1741 1272 1808 de
1296 1765 1352 1810 me
1378 1744 1519 1830 audies,
1552 1757 1593 1814 ut
1618 1739 1813 1815 Aristidem
1837 1741 2008 1826 Athenis,
2047 1748 2098 1816 ita

74 1872 133 1941 que
153 1849 272 1933 vides,
303 1847 390 1940 quid
413 1845 524 1938 possit
554 1845 732 1928 accidere,
760 1843 791 1912 si
813 1845 873 1913 ille
898 1842 1054 1937 aliquam
1103 1834 1188 1908 hinc
1211 1863 1267 1909 me
1284 1841 1469 1914 dimissum
1494 1869 1579 1921 esse.
1628 1841 1726 1915 Bene
1740 1847 1831 1919 vale.
1856 1847 1914 1914 die
1929 1847 2039 1917 natali
2054 1844 2098 1922 Β.

73 1949 268 2038 rigidiorem
291 1950 463 2040 proferat,
488 1945 694 2038 praesertim
714 1969 796 2016 cum
820 1939 1055 2014 anathemati·
1103 1939 1239 2011 Mariae
1256 1940 1427 2034 Virginis.

74 2051 275 2136 sationibus,
301 2051 432 2144 quibus
454 2047 649 2118 damnandi
670 2047 743 2118 sint
765 2045 889 2130 etiarn,
912 2045 976 2138 qui
996 2045 1054 2114 in-
1615 2042 1805 2141 Philippus
1820 2043 2048 2122 Melanthea.

23 2211 24 2214 ,
73 2153 224 2222 firmitate
248 2151 367 2244 aliqua
390 2163 451 2222 aut
473 2147 627 2241 simplici
651 2171 768 2218 errore
783 2148 821 2216 in
835 2147 914 2216 aliis
927 2143 1053 2216 Eccle-

73 2256 124 2322 siis
145 2277 243 2324 secas
268 2253 444 2335 sentiunt,
470 2265 532 2320 aut
546 2249 609 2344 qni
626 2250 744 2320 nolint
759 2249 863 2318 etiam
880 2241 949 2318 hoc
967 2272 1053 2340 pro·
1103 2259 2088 2293 &W

73 2357 161 2440 bare,
187 2358 284 2448 quod
311 2355 372 2424 illc
394 2355 489 2444 apud
504 2349 548 2422 N.
564 2351 756 2442 aliquando
777 2341 975 2440 ἀποτόμως
996 2372 1053 2418 as-
1102 2405 1134 2479 N
1182 2409 1285 2481 3027

73 2457 184 2528 seruit:
214 2443 341 2546 poneris
369 2478 441 2523 esse
463 2451 578 2522 Deum
603 2464 668 2522 etr.
720 2449 843 2546 ltaque
868 2449 1053 2524 coustituit
1107 2435 1297 2536 ἕω·
1924 2420 2095 2540 &Q

74 2559 150 2628 aher
167 2551 409 2654 [Melanth.]‚
433 2579 470 2626 se
486 2551 604 2646 potius
621 2565 713 2622 recta
730 2552 881 2642 pedibus
893 2574 1052 2642 egressu·
1088 2631 1092 2640 ¹

74 2682 228 2729 ramesse
248 2659 395 2741 urbem,
422 2679 529 2750 quam
545 2667 585 2724 ut
600 2653 651 2722 sic
666 2651 877 2723 assentiatur
901 2665 963 2722 aut
983 2677 1052 2744 pu·
1462 2610 1509 2698 S·
1538 2614 1728 2702 Bellero·

72 2775 238 2852 guelcum
258 2749 484 2850 διδασκάλῳ.
536 2753 642 2843 Quod
661 2754 818 2839 aberet,
845 2747 937 2822 milli
955 2753 1051 2822 idem
1167 2767 1245 2838 sse
1258 2787 1354 2842 apogr.
1368 2769 1468 2851 Drusi.
1487 2772 1515 2826 iu
1527 2772 1592 2832 eod.
1606 2772 1729 2828 Zettueri
1743 2791 1771 2844 p.
1784 2771 1940 2854 ὕδρῳ),
1957 2775 2094 2846 descripta

73 2864 392 2952 cogitandumesse’
423 2855 518 2952 quod
538 2856 611 2940 iffi,
638 2855 864 2925 nisimappem
883 2849 942 2923 hic
957 2849 1050 2926 ἅνα-
1199 2835 1300 2892 sclsr.
1322 2837 1492 2896 Gersdorho.
1528 2840 1640 2896 Contuli
1660 2862 1674 2896 a
1695 2841 1836 2913 ograpbon
1859 2859 1888 2894 ru
1908 2843 1970 2898 cod.
1983 2843 2094 2900 Monac.
2139 2931 2148 2938 ἱ

72 2959 344 3055 Quartus-sowa
393 2957 462 3044 Et,
491 2959 585 3028 bone
606 2955 724 3040 Deus,
748 2967 921 3051 quantum
943 2954 1049 3026 dissi.
1201 2905 1246 2961 9⁰.
1261 2925 1308 2961 no.
1324 2905 1384 2963 vu.
1399 2927 1425 2980 p.
1437 2909 1499 2964 ast.
1516 2917 1543 2962 et
1555 2927 1584 2962 ru
1596 2911 1659 2964 cod.
1708 2927 1755 2966 on.
1767 2909 1811 2964 66.
1825 2928 1855 2980 p.
1868 2910 1935 2964 tsb.

71 3067 245 3156 pasionum
272 3062 502 3132 etmalorum
524 3057 693 3152 utrinque
715 3071 917 3129 secuturum
939 3053 1047 3127 esset!
1071 3111 1077 3178 Ι
1099 3053 1165 3128 Ad
1191 3054 1369 3134 ductorem
1398 3060 1734 3136 Sebastianum
1767 3061 1936 3137 Heller
1968 3063 2094 3140 Iuris·

71 3167 130 3236 Sed
152 3165 252 3250 Deus
274 3164 432 3254 increpet
456 3159 566 3230 Satan
590 3171 625 3228 et
648 3159 830 3230 conculcet
854 3157 920 3228 sub
947 3157 1048 3248 pedi·
1098 3158 1304 3234 consultum
1321 3176 1353 3238 et
1362 3155 1642 3240 cancellarium
1657 3164 1838 3266 principis
1852 3163 2093 3242 Marchionr's

69 3267 125 3338 bus
138 3261 425 3347 suaeEcclesiae,
450 3273 485 3331 et
498 3273 592 3332 certo
611 3283 734 3352 spero,
753 3256 870 3331 Deum
885 3251 1049 3352 prohibi·
1510 3261 1676 3364 Georgzi,

70 3385 176 3440 turum
188 3364 256 3436 hos
272 3365 369 3434 illius
385 3375 542 3434 conatus.
567 3359 665 3430 Haec
682 3375 800 3432 tamen
815 3358 950 3452 scripsi,
962 3371 1049 3432 utet
1248 3377 1299 3445 (tu
1317 3377 1381 3434 eod.
1398 3376 1481 3439 Mon.
1499 3367 1673 3437 tamisium
1689 3384 1783 3439 amabo
1801 3384 1943 3454 cattam.)

68 3471 101 3538 in
112 3467 358 3589 communibus
375 3463 538 3556 precibus
551 3485 617 3532 nos
631 3463 787 3536 adiuves.
838 3459 937 3530 Bene
956 3459 1047 3537 vale.
1096 3473 1144 3568 S·
1194 3497 1562 3593 speromeosmom,
1588 3501 1877 3589 virclarffflme,
1902 3503 2091 3575 fibinom

68 3569 314 3661 Wll‘bflfdaes
336 3571 372 3642 7·
389 3564 566 3658 S‘lllfflnb‘
581 3588 665 3638 ³¹¹³·
680 3561 734 3636 M·
742 3561 787 3636 D·
795 3557 947 3632 Xfflss‘
1098 3622 1183 3675 esse.
1231 3597 1384 3672 Etiamsi
1409 3627 1483 3673 non
1506 3625 1584 3672 sum
1607 3607 1722 3674 durus
1739 3618 1866 3676 natura
1884 3605 2090 3674 adolescen-

763 3705 806 3786 Cr
819 3705 998 3798 Cruciger.
1097 3712 1174 3770 tum
1197 3702 1454 3794 cupiditatibus
1473 3727 1547 3772 non
1570 3705 1725 3776 libenter
1746 3729 1883 3776 morem
1905 3728 2005 3795 ger03
2028 3708 2089 3776 sed

1097 3815 1148 3871 est
1170 3799 1247 3871 eius
1269 3803 1320 3872 rei
1337 3802 1483 3897 quidam
1498 3802 1683 3903 modus')
1743 3799 1939 3902 Caspar¹)
1962 3803 2089 3903 (Beir)

70 3937 1045 4008 mffl-*T--ffl--mffl
1096 3902 1191 3972 iilius
1212 3903 1343 3974 sororis
1368 3919 1469 3989 tuae,
1500 3918 1535 3974 te
1549 3921 1590 3977 ut
1610 3921 1748 3997 patrem
1762 3910 1848 3978 colit
1865 3920 1899 3976 et
1914 3910 2090 3994 observat,

1095 4017 1130 4074 et
1152 4004 1191 4072 in
1207 4004 1334 4074 studiis
1356 4004 1438 4074 satis
1459 4007 1552 4075 bene
1567 4004 1792 4104 processit³).
1826 4004 1948 4079 =Nunc
1962 4011 2005 4078 de
2023 4023 2087 4079 tuo

66 4087 122 4163 No.
138 4089 251 4165 3⁰26·
871 4087 1041 4212 Q
1094 4119 1129 4176 et
1141 4103 1251 4197 patris
1266 4103 1415 4175 consilio
1431 4105 1529 4198 cupit
1542 4129 1685 4177 uxorem
1702 4110 1841 4184 ducere.
1892 4105 2089 4194 Abhorret,

72 4183 234 4222 Ἢν
1093 4220 1135 4278 ut
1147 4207 1251 4278 video
1269 4201 1444 4303 natura⁴)
1459 4207 1545 4278 satis
1557 4211 1757 4280 modestum
1770 4233 1863 4300 esse,
1888 4235 1909 4281 a
1927 4212 2023 4303 vagis
2039 4211 2087 4280 li-

379 4275 428 4362 P.
456 4273 732 4363 Medmanno.

154 4441 297 4497 Gabberns
311 4436 390 4510 epist.
402 4453 432 4507 p.
443 4433 487 4490 87.

1092 4395 1303 4422 ..ιι-ιη·-

1127 4501 1158 4566 *l
1176 4503 1223 4560 sie
1234 4503 1314 4560 babet
1328 4503 1484 4569 Gebbemn
1501 4505 1616 4560 iortssss
1627 4523 1696 4564 sero
1707 4507 1841 4564 Iumr‘oer.
1858 4509 2017 4581 legendum.

188 4590 254 4667 Ad
276 4591 330 4666 D,
354 4588 412 4664 Pe
421 4600 435 4662 t
444 4615 493 4662 ru
503 4615 539 4659 m
565 4582 715 4660 Medm
726 4611 751 4657 a
760 4610 786 4656 η
795 4611 820 4657 n
829 4611 852 4658 u
862 4607 910 4664 m,
1130 4589 1157 4654 ¹)
1174 4591 1225 4640 sed
1239 4596 1280 4640 est
1294 4598 1346 4644 erc.
1360 4596 1463 4642 aarum
1478 4587 1557 4642 babet
1572 4589 1635 4643 eod.
1653 4589 1733 4646 Mor.

1127 4671 1155 4740 2)
1173 4668 1321 4743 Carporum
1335 4669 1643 4742 clandestinasponsalis
1657 4681 1736 4726 antea
1750 4671 1848 4729 iecisse
1859 4693 1921 4730 eum
1934 4677 2021 4747 puelle
2035 4678 2083 4731 eli·

67 4704 141 4804 Etsi
165 4733 276 4804 multa
298 4729 344 4800 ad
365 4742 399 4799 te
413 4723 561 4796 demnis
576 4722 743 4814 periculis
757 4720 910 4794 Scribere
924 4721 1044 4814 euple-
1161 4755 1230 4824 qua,
1246 4739 1333 4794 inscio
1348 4737 1527 4793 Melantboue
1547 4743 1647 4804 (tutore
1669 4742 1759 4812 eius),
1775 4759 1844 4814 quae
1862 4747 2012 4816 sponsalia,
2029 4764 2082 4866 pp.

2017 4833 2032 4866 e
2055 4832 2082 4866 a·

66 4833 153 4920 bam,
183 4849 301 4906 tamen
323 4829 503 4924 ‹1115211011
527 4838 602 4896 ²²³²
625 4836 783 4939 ⁶⁰“13ffl2
820 4825 987 4942 recessa
1009 4837 1043 4893 ¹⁶
1148 4806 1643 4960 .‘'atttt'dtl‘dltitillata
1656 4811 2081 4940 titlbtlbsthtths.
2134 4909 2137 4916 ,

66 4939 292 5026 proleclurum
321 4953 394 5002 8888
424 4923 521 4999 hunc
555 4919 801 4999 Valenlmttm
830 4921 1042 4995 hcmlacetl-
1160 4893 1224 4998 l'sd.
1237 4941 1320 5015 Epist.
1334 4943 1416 4998 Lutlr.
1430 4941 1463 4996 P.
1476 4941 1509 5002 V.
1523 4963 1551 5014 p.
1565 4945 1627 5003 617.
1643 4946 1744 5002 ε1619.
1777 4947 1978 5004 consistorium
1994 4949 2081 5004 Wh-

318 5013 333 5055 .'
840 5047 842 5056 .
1159 5012 1262 5084 teberss.
1286 5012 1492 5068 confirmaverat
1517 5011 1683 5094 clandestina
1707 5014 1753 5070 itta
1771 5017 1920 5100 sponsalia.
1944 5017 1987 5072 sui
2015 5038 2080 5074 vero

1159 5079 1293 5136 Lutberus
1310 5099 1340 5135 se
1359 5081 1395 5135 ita
1415 5091 1559 5164 opposuit,
1573 5091 1603 5135 st
1624 5082 1734 5138 landem
1750 5085 1944 5168 (ssd.-Lutberi
1956 5086 2033 5168 epist.
2051 5083 2080 5144 cl.

1157 5149 1201 5206 27.
1220 5149 1277 5204 len.
1302 5149 1393 5217 1545.)
1418 5149 1638 5207 dissolverentur.
1685 5151 1748 5208 rua
1770 5152 1817 5206 dle
1836 5151 1938 5222 Csspee
1957 5154 2080 5230 hierus,

93 5253 1041 5398 ‘babaeaaasalutatastricas
1121 5215 1559 5374 ,matera

122 5400 154 5457 T.
168 5403 226 5458 ΧΧ.
239 5421 268 5475 p.
282 5400 317 5456 82
328 5418 370 5472 sq.
382 5409 409 5455 et
422 5397 543 5454 libellum
555 5394 644 5466 ipsura
658 5391 724 5452 isis.
737 5411 765 5465 p.
776 5392 845 5450 2195
856 5345 935 5468 ης.)
1097 5477 1101 5490 .
1119 5393 1149 5464 4)
1165 5387 1236 5450 tat.
1251 5390 1332 5448 Mon·
1345 5401 1469 5455 tratum
1486 5391 1550 5448 cod.
1561 5394 1660 5454 Dresd
1673 5413 1749 5454 am.

64 5137 275 5158 hanan-nu·-
