<?xml version="1.0" encoding="UTF-8"?>
<!DOCTYPE html PUBLIC "-//W3C//DTD XHTML 1.0 Transitional//EN"
    "http://www.w3.org/TR/xhtml1/DTD/xhtml1-transitional.dtd">
<html xmlns="http://www.w3.org/1999/xhtml" xml:lang="en" lang="en">
 <head>
  <title>
</title>
<meta http-equiv="Content-Type" content="text/html;charset=utf-8" />
  <meta name='ocr-system' content='tesseract 3.04.00' />
  <meta name='ocr-capabilities' content='ocr_page ocr_carea ocr_par ocr_line ocrx_word'/>
</head>
<body>
  <div class='ocr_page' id='page_1' title='image "./corpusreformato19melagoog/corpusreformato19melagoog_0466.png"; bbox 0 0 4722 5808; ppageno 0'>
   <div class='ocr_carea' id='block_1_1' title="bbox 119 253 197 339">
    <p class='ocr_par' dir='ltr' id='par_1_1' title="bbox 119 253 197 339">
     <span class='ocr_line' id='line_1_1' title="bbox 119 253 197 339; baseline 0.064 -5"><span class='ocrx_word' id='word_1_1' title='bbox 119 253 197 339; x_wconf 81' lang='lat' dir='ltr'><em>tot</em></span> 
     </span>
    </p>
   </div>
   <div class='ocr_carea' id='block_1_2' title="bbox 117 417 1124 627">
    <p class='ocr_par' dir='ltr' id='par_1_2' title="bbox 117 417 1124 627">
     <span class='ocr_line' id='line_1_2' title="bbox 117 417 1124 526; baseline -0.058 3"><span class='ocrx_word' id='word_1_2' title='bbox 117 423 263 526; x_wconf 61' lang='lat' dir='ltr'><em>xfftfllt</em></span> <span class='ocrx_word' id='word_1_3' title='bbox 277 420 485 512; x_wconf 60' lang='lat' dir='ltr'><em>Wltsstllle</em></span> <span class='ocrx_word' id='word_1_4' title='bbox 510 443 556 504; x_wconf 60' lang='lat' dir='ltr'><em>tte</em></span> <span class='ocrx_word' id='word_1_5' title='bbox 570 419 778 516; x_wconf 76' lang='lat' dir='ltr'><em>instituatur</em></span> <span class='ocrx_word' id='word_1_6' title='bbox 803 417 842 490; x_wconf 94' lang='lat' dir='ltr'><em>in</em></span> <span class='ocrx_word' id='word_1_7' title='bbox 859 431 1040 492; x_wconf 85' lang='lat' dir='ltr'><em>conventu</em></span> <span class='ocrx_word' id='word_1_8' title='bbox 1055 438 1124 492; x_wconf 78' lang='grc' dir='ltr'><em>συ.</em></span> 
     </span>
     <span class='ocr_line' id='line_1_3' title="bbox 122 524 538 627; baseline -0.075 3"><span class='ocrx_word' id='word_1_9' title='bbox 122 525 286 627; x_wconf 64' lang='grc' dir='ltr'><em>ζήτησις·</em></span> <span class='ocrx_word' id='word_1_10' title='bbox 334 524 538 614; x_wconf 74' lang='lat' dir='ltr'><em>Benevste.</em></span> 
     </span>
    </p>
   </div>
   <div class='ocr_carea' id='block_1_3' title="bbox 689 617 1073 718">
    <p class='ocr_par' dir='ltr' id='par_1_3' title="bbox 689 617 1073 718">
     <span class='ocr_line' id='line_1_4' title="bbox 689 617 1073 718; baseline 0.005 -22"><span class='ocrx_word' id='word_1_11' title='bbox 689 619 879 718; x_wconf 84' lang='lat' dir='ltr'><strong>Philippus</strong></span> <span class='ocrx_word' id='word_1_12' title='bbox 894 617 1073 698; x_wconf 76' lang='lat' dir='ltr'><em>Melanth.</em></span> 
     </span>
    </p>
   </div>
   <div class='ocr_carea' id='block_1_4' title="bbox 125 863 1018 894">
    <p class='ocr_par' dir='ltr' id='par_1_4' title="bbox 125 863 1018 894">
     <span class='ocr_line' id='line_1_5' title="bbox 258 863 1018 884; baseline 0.011 0"><span class='ocrx_word' id='word_1_13' title='bbox 258 863 1018 884; x_wconf 47' lang='lat' dir='ltr'><em>—m-mmmn*</em></span> 
     </span>
     <span class='ocr_line' id='line_1_6' title="bbox 125 877 549 894; baseline 0.017 -7"><span class='ocrx_word' id='word_1_14' title='bbox 125 877 256 892; x_wconf 48' lang='lat' dir='ltr'><strong><em>W</em></strong></span> <span class='ocrx_word' id='word_1_15' title='bbox 545 886 549 894; x_wconf 86' lang='grc' dir='ltr'>Ι</span> 
     </span>
    </p>
   </div>
   <div class='ocr_carea' id='block_1_5' title="bbox 135 1034 332 1110">
    <p class='ocr_par' dir='ltr' id='par_1_5' title="bbox 135 994 419 1131">
     <span class='ocr_line' id='line_1_7' title="bbox 135 1034 332 1110; baseline -0.004 -3"><span class='ocrx_word' id='word_1_16' title='bbox 135 1034 332 1110; x_wconf 67' lang='lat' dir='ltr'><em>Nasone.</em></span> 
     </span>
    </p>
   </div>
   <div class='ocr_carea' id='block_1_6' title="bbox 429 1189 712 1317">
    <p class='ocr_par' dir='ltr' id='par_1_6' title="bbox 429 1189 712 1317">
     <span class='ocr_line' id='line_1_8' title="bbox 429 1189 712 1317; baseline 0.028 -9"><span class='ocrx_word' id='word_1_17' title='bbox 429 1189 435 1198; x_wconf 83' lang='lat'>&#39;</span> <span class='ocrx_word' id='word_1_18' title='bbox 541 1226 712 1317; x_wconf 69' lang='lat' dir='ltr'><em>ornem.</em></span> 
     </span>
    </p>
   </div>
   <div class='ocr_carea' id='block_1_7' title="bbox 192 1383 1104 1462">
    <p class='ocr_par' dir='ltr' id='par_1_7' title="bbox 192 1383 1104 1462">
     <span class='ocr_line' id='line_1_9' title="bbox 192 1383 1104 1462; baseline -0.004 -19"><span class='ocrx_word' id='word_1_19' title='bbox 192 1390 278 1462; x_wconf 80' lang='lat' dir='ltr'><em>Epist.</em></span> <span class='ocrx_word' id='word_1_20' title='bbox 291 1391 326 1446; x_wconf 85' lang='lat' dir='ltr'><em>ad</em></span> <span class='ocrx_word' id='word_1_21' title='bbox 340 1386 479 1447; x_wconf 81' lang='lat' dir='ltr'><em>Gamerae.</em></span> <span class='ocrx_word' id='word_1_22' title='bbox 495 1406 523 1460; x_wconf 85' lang='lat' dir='ltr'><em>p.</em></span> <span class='ocrx_word' id='word_1_23' title='bbox 536 1387 589 1442; x_wconf 80' lang='lat' dir='ltr'><em>sat</em></span> <span class='ocrx_word' id='word_1_24' title='bbox 601 1405 643 1458; x_wconf 82' lang='lat' dir='ltr'><em>sq.</em></span> <span class='ocrx_word' id='word_1_25' title='bbox 664 1386 717 1454; x_wconf 88' lang='lat' dir='ltr'><em>(ed.</em></span> <span class='ocrx_word' id='word_1_26' title='bbox 733 1383 824 1442; x_wconf 80' lang='lat' dir='ltr'><em>Laod.</em></span> <span class='ocrx_word' id='word_1_27' title='bbox 838 1385 887 1444; x_wconf 88' lang='lat' dir='ltr'><em>lib.</em></span> <span class='ocrx_word' id='word_1_28' title='bbox 900 1385 950 1444; x_wconf 93' lang='lat' dir='ltr'><em>tv.</em></span> <span class='ocrx_word' id='word_1_29' title='bbox 966 1403 1008 1459; x_wconf 82' lang='lat' dir='ltr'><em>ep.</em></span> <span class='ocrx_word' id='word_1_30' title='bbox 1022 1383 1104 1452; x_wconf 71' lang='lat' dir='ltr'><em>sss).</em></span> 
     </span>
    </p>
   </div>
   <div class='ocr_carea' id='block_1_8' title="bbox 125 1533 1128 1720">
    <p class='ocr_par' dir='ltr' id='par_1_8' title="bbox 125 1533 1128 1720">
     <span class='ocr_line' id='line_1_10' title="bbox 125 1533 1128 1640; baseline -0.007 -22"><span class='ocrx_word' id='word_1_31' title='bbox 125 1533 351 1619; x_wconf 81' lang='lat' dir='ltr'><em>Clarissimo</em></span> <span class='ocrx_word' id='word_1_32' title='bbox 374 1541 451 1616; x_wconf 83' lang='lat' dir='ltr'><em>viro</em></span> <span class='ocrx_word' id='word_1_33' title='bbox 473 1537 677 1613; x_wconf 78' lang='lat' dir='ltr'><em>eruditione</em></span> <span class='ocrx_word' id='word_1_34' title='bbox 705 1549 737 1614; x_wconf 81' lang='lat' dir='ltr'><em>et</em></span> <span class='ocrx_word' id='word_1_35' title='bbox 764 1538 894 1612; x_wconf 74' lang='lat' dir='ltr'><em>eir-tute</em></span> <span class='ocrx_word' id='word_1_36' title='bbox 914 1538 1128 1640; x_wconf 73' lang='lat' dir='ltr'><em>praestanti</em></span> 
     </span>
     <span class='ocr_line' id='line_1_11' title="bbox 175 1637 1073 1720; baseline -0.001 -2"><span class='ocrx_word' id='word_1_37' title='bbox 175 1643 205 1718; x_wconf 92' lang='lat' dir='ltr'><strong><em>I</em></strong></span> <span class='ocrx_word' id='word_1_38' title='bbox 210 1642 421 1719; x_wconf 80' lang='lat' dir='ltr'><em>oachimo</em></span> <span class='ocrx_word' id='word_1_39' title='bbox 443 1638 479 1718; x_wconf 93' lang='lat' dir='ltr'><em>C</em></span> <span class='ocrx_word' id='word_1_40' title='bbox 484 1670 566 1720; x_wconf 85' lang='lat' dir='ltr'><em>nm.</em></span> <span class='ocrx_word' id='word_1_41' title='bbox 591 1637 684 1718; x_wconf 81' lang='lat' dir='ltr'><em>Pae.</em></span> <span class='ocrx_word' id='word_1_42' title='bbox 709 1641 828 1714; x_wconf 87' lang='lat' dir='ltr'><em>amieo</em></span> <span class='ocrx_word' id='word_1_43' title='bbox 849 1667 918 1716; x_wconf 86' lang='lat' dir='ltr'><em>sno</em></span> <span class='ocrx_word' id='word_1_44' title='bbox 943 1639 1073 1718; x_wconf 64' lang='lat' dir='ltr'><em>eorus.</em></span> 
     </span>
    </p>
   </div>
   <div class='ocr_carea' id='block_1_9' title="bbox 125 1777 1127 4446">
    <p class='ocr_par' dir='ltr' id='par_1_9' title="bbox 125 1777 1127 4446">
     <span class='ocr_line' id='line_1_12' title="bbox 125 1777 1125 1890; baseline -0.007 -21"><span class='ocrx_word' id='word_1_45' title='bbox 125 1777 170 1869; x_wconf 81' lang='lat' dir='ltr'><em>S.</em></span> <span class='ocrx_word' id='word_1_46' title='bbox 196 1794 242 1867; x_wconf 87' lang='lat' dir='ltr'><em>D.</em></span> <span class='ocrx_word' id='word_1_47' title='bbox 292 1794 441 1868; x_wconf 90' lang='lat' dir='ltr'><em>Utinam</em></span> <span class='ocrx_word' id='word_1_48' title='bbox 459 1807 562 1865; x_wconf 91' lang='lat' dir='ltr'><em>tuum</em></span> <span class='ocrx_word' id='word_1_49' title='bbox 584 1793 653 1863; x_wconf 88' lang='lat' dir='ltr'><em>iter</em></span> <span class='ocrx_word' id='word_1_50' title='bbox 665 1787 704 1890; x_wconf 79' lang='lat'><em>*)</em></span> <span class='ocrx_word' id='word_1_51' title='bbox 729 1795 884 1864; x_wconf 83' lang='lat' dir='ltr'><em>faustum</em></span> <span class='ocrx_word' id='word_1_52' title='bbox 905 1795 951 1864; x_wconf 82' lang='lat' dir='ltr'><em>sit</em></span> <span class='ocrx_word' id='word_1_53' title='bbox 972 1803 1007 1866; x_wconf 86' lang='lat' dir='ltr'><em>et</em></span> <span class='ocrx_word' id='word_1_54' title='bbox 1028 1793 1125 1880; x_wconf 81' lang='lat' dir='ltr'><em>felix,</em></span> 
     </span>
     <span class='ocr_line' id='line_1_13' title="bbox 125 1893 1124 1986; baseline -0.005 -15"><span class='ocrx_word' id='word_1_55' title='bbox 125 1911 161 1971; x_wconf 89' lang='lat' dir='ltr'><em>et</em></span> <span class='ocrx_word' id='word_1_56' title='bbox 192 1893 477 1969; x_wconf 79' lang='lat' dir='ltr'><em>honestissimam</em></span> <span class='ocrx_word' id='word_1_57' title='bbox 508 1897 694 1986; x_wconf 83' lang='lat' dir='ltr'><em>coniugem</em></span> <span class='ocrx_word' id='word_1_58' title='bbox 714 1910 812 1966; x_wconf 89' lang='lat' dir='ltr'><em>tuam</em></span> <span class='ocrx_word' id='word_1_59' title='bbox 844 1911 877 1967; x_wconf 92' lang='lat' dir='ltr'><em>et</em></span> <span class='ocrx_word' id='word_1_60' title='bbox 901 1897 1124 1966; x_wconf 87' lang='lat' dir='ltr'><em>dulcissimos</em></span> 
     </span>
     <span class='ocr_line' id='line_1_14' title="bbox 127 1997 1124 2091; baseline -0.003 -21"><span class='ocrx_word' id='word_1_61' title='bbox 127 1999 258 2072; x_wconf 90' lang='lat' dir='ltr'><em>liberos</em></span> <span class='ocrx_word' id='word_1_62' title='bbox 282 2001 472 2070; x_wconf 89' lang='lat' dir='ltr'><em>incolumis</em></span> <span class='ocrx_word' id='word_1_63' title='bbox 487 1999 684 2068; x_wconf 85' lang='lat' dir='ltr'><strong>incolumes</strong></span> <span class='ocrx_word' id='word_1_64' title='bbox 699 1998 944 2091; x_wconf 89' lang='lat' dir='ltr'><em>complectare.</em></span> <span class='ocrx_word' id='word_1_65' title='bbox 995 1997 1124 2070; x_wconf 81' lang='lat' dir='ltr'><em>Statim</em></span> 
     </span>
     <span class='ocr_line' id='line_1_15' title="bbox 127 2095 1125 2196; baseline -0.006 -22"><span class='ocrx_word' id='word_1_66' title='bbox 127 2116 247 2174; x_wconf 86' lang='lat' dir='ltr'><em>autem</em></span> <span class='ocrx_word' id='word_1_67' title='bbox 262 2117 450 2196; x_wconf 88' lang='lat' dir='ltr'><em>postquam</em></span> <span class='ocrx_word' id='word_1_68' title='bbox 469 2101 538 2172; x_wconf 88' lang='lat' dir='ltr'><em>iter</em></span> <span class='ocrx_word' id='word_1_69' title='bbox 551 2103 730 2190; x_wconf 82' lang='lat' dir='ltr'><em>ingressus</em></span> <span class='ocrx_word' id='word_1_70' title='bbox 749 2125 805 2182; x_wconf 88' lang='lat' dir='ltr'><em>es,</em></span> <span class='ocrx_word' id='word_1_71' title='bbox 834 2101 965 2170; x_wconf 80' lang='lat' dir='ltr'><em>coniux</em></span> <span class='ocrx_word' id='word_1_72' title='bbox 979 2099 1026 2176; x_wconf 91' lang='lat' dir='ltr'><em>D.</em></span> <span class='ocrx_word' id='word_1_73' title='bbox 1041 2095 1125 2169; x_wconf 85' lang='lat' dir='ltr'><em>Lu-</em></span> 
     </span>
     <span class='ocr_line' id='line_1_16' title="bbox 127 2197 1124 2289; baseline 0 -15"><span class='ocrx_word' id='word_1_74' title='bbox 127 2197 228 2275; x_wconf 79' lang='lat' dir='ltr'><em>theri</em></span> <span class='ocrx_word' id='word_1_75' title='bbox 250 2229 306 2274; x_wconf 89' lang='lat' dir='ltr'><em>me</em></span> <span class='ocrx_word' id='word_1_76' title='bbox 329 2204 516 2275; x_wconf 78' lang='lat' dir='ltr'><em>admonuit</em></span> <span class='ocrx_word' id='word_1_77' title='bbox 537 2205 581 2272; x_wconf 88' lang='lat' dir='ltr'><em>de</em></span> <span class='ocrx_word' id='word_1_78' title='bbox 602 2203 687 2272; x_wconf 92' lang='lat' dir='ltr'><em>vino</em></span> <span class='ocrx_word' id='word_1_79' title='bbox 711 2197 882 2289; x_wconf 89' lang='lat' dir='ltr'><em>Rhetico,</em></span> <span class='ocrx_word' id='word_1_80' title='bbox 914 2227 975 2273; x_wconf 93' lang='lat' dir='ltr'><em>seu</em></span> <span class='ocrx_word' id='word_1_81' title='bbox 996 2220 1037 2275; x_wconf 94' lang='lat' dir='ltr'><em>ut</em></span> <span class='ocrx_word' id='word_1_82' title='bbox 1056 2229 1124 2274; x_wconf 90' lang='lat' dir='ltr'><em>no-</em></span> 
     </span>
     <span class='ocr_line' id='line_1_17' title="bbox 126 2303 1124 2398; baseline -0.002 -20"><span class='ocrx_word' id='word_1_83' title='bbox 126 2315 213 2378; x_wconf 78' lang='lat' dir='ltr'><em>me&#39;u&#39;</em></span> <span class='ocrx_word' id='word_1_84' title='bbox 232 2308 400 2379; x_wconf 86' lang='lat' dir='ltr'><em>usitatum</em></span> <span class='ocrx_word' id='word_1_85' title='bbox 426 2307 555 2376; x_wconf 82' lang='lat' dir='ltr'><em>diserte</em></span> <span class='ocrx_word' id='word_1_86' title='bbox 576 2329 726 2396; x_wconf 91' lang='lat' dir='ltr'><em>ponam,</em></span> <span class='ocrx_word' id='word_1_87' title='bbox 761 2303 982 2384; x_wconf 81' lang='lat' dir='ltr'><em>Feltlinensi.</em></span> <span class='ocrx_word' id='word_1_88' title='bbox 1044 2304 1124 2398; x_wconf 88' lang='lat' dir='ltr'><em>lpse</em></span> 
     </span>
     <span class='ocr_line' id='line_1_18' title="bbox 127 2407 1125 2500; baseline -0.003 -19"><span class='ocrx_word' id='word_1_89' title='bbox 127 2411 235 2481; x_wconf 86' lang='lat' dir='ltr'><em>etiam</em></span> <span class='ocrx_word' id='word_1_90' title='bbox 255 2411 301 2480; x_wconf 85' lang='lat' dir='ltr'><em>ad</em></span> <span class='ocrx_word' id='word_1_91' title='bbox 319 2433 376 2478; x_wconf 94' lang='lat' dir='ltr'><em>me</em></span> <span class='ocrx_word' id='word_1_92' title='bbox 390 2408 595 2480; x_wconf 87' lang='lat' dir='ltr'><em>ministrum</em></span> <span class='ocrx_word' id='word_1_93' title='bbox 613 2407 730 2492; x_wconf 85' lang='lat' dir='ltr'>misit,</span> <span class='ocrx_word' id='word_1_94' title='bbox 755 2432 795 2478; x_wconf 89' lang='lat' dir='ltr'><em>ac</em></span> <span class='ocrx_word' id='word_1_95' title='bbox 813 2407 958 2500; x_wconf 86' lang='lat' dir='ltr'><em>petivit,</em></span> <span class='ocrx_word' id='word_1_96' title='bbox 983 2421 1024 2478; x_wconf 89' lang='lat' dir='ltr'><em>ut</em></span> <span class='ocrx_word' id='word_1_97' title='bbox 1037 2433 1125 2478; x_wconf 90' lang='lat' dir='ltr'><em>con-</em></span> 
     </span>
     <span class='ocr_line' id='line_1_19' title="bbox 126 2508 1124 2604; baseline -0.002 -22"><span class='ocrx_word' id='word_1_98' title='bbox 126 2513 203 2603; x_wconf 81' lang='lat' dir='ltr'><em>iugi</em></span> <span class='ocrx_word' id='word_1_99' title='bbox 228 2511 475 2604; x_wconf 79' lang='lat' dir='ltr'><em>gratificemur.</em></span> <span class='ocrx_word' id='word_1_100' title='bbox 534 2508 648 2580; x_wconf 80' lang='lat' dir='ltr'>Valde</span> <span class='ocrx_word' id='word_1_101' title='bbox 674 2509 784 2600; x_wconf 83' lang='lat' dir='ltr'><em>igitur</em></span> <span class='ocrx_word' id='word_1_102' title='bbox 804 2526 839 2581; x_wconf 90' lang='lat' dir='ltr'><em>te</em></span> <span class='ocrx_word' id='word_1_103' title='bbox 863 2535 947 2596; x_wconf 88' lang='lat' dir='ltr'><em>oro,</em></span> <span class='ocrx_word' id='word_1_104' title='bbox 983 2523 1024 2582; x_wconf 89' lang='lat' dir='ltr'><em>ut</em></span> <span class='ocrx_word' id='word_1_105' title='bbox 1047 2535 1124 2580; x_wconf 89' lang='lat' dir='ltr'><em>eam</em></span> 
     </span>
     <span class='ocr_line' id='line_1_20' title="bbox 126 2605 1125 2706; baseline -0.003 -21"><span class='ocrx_word' id='word_1_106' title='bbox 126 2639 203 2685; x_wconf 93' lang='lat' dir='ltr'><em>rem</em></span> <span class='ocrx_word' id='word_1_107' title='bbox 218 2637 318 2684; x_wconf 89' lang='lat' dir='ltr'><em>eures</em></span> <span class='ocrx_word' id='word_1_108' title='bbox 333 2635 399 2706; x_wconf 90' lang='lat' dir='ltr'><em>pro</em></span> <span class='ocrx_word' id='word_1_109' title='bbox 414 2626 474 2684; x_wconf 89' lang='lat' dir='ltr'><em>tua</em></span> <span class='ocrx_word' id='word_1_110' title='bbox 492 2613 692 2704; x_wconf 86' lang='lat' dir='ltr'><em>prodentia.</em></span> <span class='ocrx_word' id='word_1_111' title='bbox 749 2611 833 2683; x_wconf 90' lang='lat' dir='ltr'><em>Sive</em></span> <span class='ocrx_word' id='word_1_112' title='bbox 850 2613 1006 2682; x_wconf 86' lang='lat' dir='ltr'><em>inveniri</em></span> <span class='ocrx_word' id='word_1_113' title='bbox 1019 2605 1125 2682; x_wconf 85' lang='lat' dir='ltr'><em>Rhe-</em></span> 
     </span>
     <span class='ocr_line' id='line_1_21' title="bbox 127 2710 1124 2812; baseline 0 -26"><span class='ocrx_word' id='word_1_114' title='bbox 127 2713 258 2812; x_wconf 82' lang='lat' dir='ltr'><em>ticum,</em></span> <span class='ocrx_word' id='word_1_115' title='bbox 281 2717 356 2786; x_wconf 89' lang='lat' dir='ltr'><em>sive</em></span> <span class='ocrx_word' id='word_1_116' title='bbox 376 2715 475 2785; x_wconf 92' lang='lat' dir='ltr'><em>aliud</em></span> <span class='ocrx_word' id='word_1_117' title='bbox 497 2716 648 2785; x_wconf 88' lang='lat' dir='ltr'><strong>rubrum</strong></span> <span class='ocrx_word' id='word_1_118' title='bbox 672 2710 802 2808; x_wconf 79' lang='grc' dir='ltr'>ὅμοιον</span> <span class='ocrx_word' id='word_1_119' title='bbox 825 2714 982 2792; x_wconf 82' lang='lat' dir='ltr'><em>inveniri</em></span> <span class='ocrx_word' id='word_1_120' title='bbox 996 2729 1124 2808; x_wconf 91' lang='lat' dir='ltr'><em>potest,</em></span> 
     </span>
     <span class='ocr_line' id='line_1_22' title="bbox 126 2813 1124 2914; baseline -0.001 -25"><span class='ocrx_word' id='word_1_121' title='bbox 126 2819 263 2914; x_wconf 87' lang='lat' dir='ltr'><em>aliquid</em></span> <span class='ocrx_word' id='word_1_122' title='bbox 280 2819 410 2890; x_wconf 89' lang='lat' dir='ltr'><em>mittas.</em></span> <span class='ocrx_word' id='word_1_123' title='bbox 462 2813 565 2886; x_wconf 90' lang='lat' dir='ltr'><em>Hanc</em></span> <span class='ocrx_word' id='word_1_124' title='bbox 581 2816 629 2886; x_wconf 93' lang='lat' dir='ltr'><em>ob</em></span> <span class='ocrx_word' id='word_1_125' title='bbox 652 2839 792 2886; x_wconf 86' lang='lat' dir='ltr'><em>causam</em></span> <span class='ocrx_word' id='word_1_126' title='bbox 806 2841 889 2886; x_wconf 83' lang='lat' dir='ltr'><em>mox</em></span> <span class='ocrx_word' id='word_1_127' title='bbox 903 2841 982 2887; x_wconf 94' lang='lat' dir='ltr'><em>meo</em></span> <span class='ocrx_word' id='word_1_128' title='bbox 1005 2832 1124 2890; x_wconf 93' lang='lat' dir='ltr'><em>sumtu</em></span> 
     </span>
     <span class='ocr_line' id='line_1_23' title="bbox 125 2917 1124 3016; baseline -0.002 -24"><span class='ocrx_word' id='word_1_129' title='bbox 125 2917 225 2992; x_wconf 91' lang='lat' dir='ltr'><em>hunc</em></span> <span class='ocrx_word' id='word_1_130' title='bbox 247 2920 472 3016; x_wconf 82' lang='lat' dir='ltr'><em>tabellarium</em></span> <span class='ocrx_word' id='word_1_131' title='bbox 495 2920 542 2988; x_wconf 93' lang='lat' dir='ltr'><em>ad</em></span> <span class='ocrx_word' id='word_1_132' title='bbox 564 2941 627 2988; x_wconf 89' lang='lat' dir='ltr'><em>vos</em></span> <span class='ocrx_word' id='word_1_133' title='bbox 649 2919 824 3011; x_wconf 90' lang='lat' dir='ltr'><em>proficisci</em></span> <span class='ocrx_word' id='word_1_134' title='bbox 848 2919 946 2994; x_wconf 92' lang='lat' dir='ltr'><em>iussi.</em></span> <span class='ocrx_word' id='word_1_135' title='bbox 999 2917 1124 2991; x_wconf 82' lang='lat' dir='ltr'><em>Prole-</em></span> 
     </span>
     <span class='ocr_line' id='line_1_24' title="bbox 127 3020 1124 3116; baseline -0.004 -22"><span class='ocrx_word' id='word_1_136' title='bbox 127 3037 184 3094; x_wconf 86' lang='lat' dir='ltr'><em>cto</em></span> <span class='ocrx_word' id='word_1_137' title='bbox 208 3021 284 3116; x_wconf 91' lang='lat' dir='ltr'><em>ipsa</em></span> <span class='ocrx_word' id='word_1_138' title='bbox 308 3046 382 3092; x_wconf 91' lang='lat' dir='ltr'><em>non</em></span> <span class='ocrx_word' id='word_1_139' title='bbox 407 3021 484 3090; x_wconf 91' lang='lat' dir='ltr'><em>sine</em></span> <span class='ocrx_word' id='word_1_140' title='bbox 503 3020 661 3113; x_wconf 90' lang='lat' dir='ltr'><em>periculo</em></span> <span class='ocrx_word' id='word_1_141' title='bbox 678 3034 852 3110; x_wconf 81' lang='lat' dir='ltr'><em>aegrotat:</em></span> <span class='ocrx_word' id='word_1_142' title='bbox 879 3020 1005 3093; x_wconf 86' lang='lat' dir='ltr'><em>defluit</em></span> <span class='ocrx_word' id='word_1_143' title='bbox 1028 3021 1124 3091; x_wconf 89' lang='lat' dir='ltr'><em>enim</em></span> 
     </span>
     <span class='ocr_line' id='line_1_25' title="bbox 126 3123 1125 3222; baseline 0.001 -28"><span class='ocrx_word' id='word_1_144' title='bbox 126 3127 276 3219; x_wconf 85' lang='lat' dir='ltr'><em>pituitae</em></span> <span class='ocrx_word' id='word_1_145' title='bbox 299 3147 426 3214; x_wconf 85' lang='lat' dir='ltr'><em>magna</em></span> <span class='ocrx_word' id='word_1_146' title='bbox 452 3124 552 3215; x_wconf 90' lang='lat' dir='ltr'><em>copia</em></span> <span class='ocrx_word' id='word_1_147' title='bbox 575 3124 614 3192; x_wconf 92' lang='lat' dir='ltr'><em>in</em></span> <span class='ocrx_word' id='word_1_148' title='bbox 635 3124 893 3204; x_wconf 88' lang='lat' dir='ltr'><em>ventriculum,</em></span> <span class='ocrx_word' id='word_1_149' title='bbox 920 3139 954 3195; x_wconf 92' lang='lat' dir='ltr'><em>et</em></span> <span class='ocrx_word' id='word_1_150' title='bbox 968 3123 1125 3222; x_wconf 83' lang='lat' dir='ltr'><em>crudita-</em></span> 
     </span>
     <span class='ocr_line' id='line_1_26' title="bbox 127 3220 1124 3299; baseline -0.003 -1"><span class='ocrx_word' id='word_1_151' title='bbox 127 3242 181 3299; x_wconf 88' lang='lat' dir='ltr'><em>tes</em></span> <span class='ocrx_word' id='word_1_152' title='bbox 203 3251 243 3298; x_wconf 91' lang='lat' dir='ltr'><em>ac</em></span> <span class='ocrx_word' id='word_1_153' title='bbox 264 3225 458 3296; x_wconf 90' lang='lat' dir='ltr'><em>insomnias</em></span> <span class='ocrx_word' id='word_1_154' title='bbox 481 3226 513 3294; x_wconf 91' lang='lat' dir='ltr'><em>ei</em></span> <span class='ocrx_word' id='word_1_155' title='bbox 535 3225 651 3294; x_wconf 86' lang='lat' dir='ltr'><em>affert.</em></span> <span class='ocrx_word' id='word_1_156' title='bbox 711 3223 802 3295; x_wconf 91' lang='lat' dir='ltr'><em>Iussi</em></span> <span class='ocrx_word' id='word_1_157' title='bbox 829 3220 927 3296; x_wconf 92' lang='lat' dir='ltr'><em>hunc</em></span> <span class='ocrx_word' id='word_1_158' title='bbox 951 3228 1124 3297; x_wconf 90' lang='lat' dir='ltr'><em>nuncium</em></span> 
     </span>
     <span class='ocr_line' id='line_1_27' title="bbox 129 3327 1126 3421; baseline -0.003 -21"><span class='ocrx_word' id='word_1_159' title='bbox 129 3343 262 3420; x_wconf 82' lang='lat' dir='ltr'><em>gestare</em></span> <span class='ocrx_word' id='word_1_160' title='bbox 278 3329 498 3418; x_wconf 82' lang='lat' dir='ltr'><em>lagenulam,</em></span> <span class='ocrx_word' id='word_1_161' title='bbox 521 3327 674 3421; x_wconf 91' lang='lat' dir='ltr'><em>siquam</em></span> <span class='ocrx_word' id='word_1_162' title='bbox 692 3327 869 3398; x_wconf 87' lang='lat' dir='ltr'><em>eitrades.</em></span> <span class='ocrx_word' id='word_1_163' title='bbox 920 3327 991 3400; x_wconf 89' lang='lat' dir='ltr'><em>Sed</em></span> <span class='ocrx_word' id='word_1_164' title='bbox 1019 3329 1050 3399; x_wconf 83' lang='lat' dir='ltr'><em>si</em></span> <span class='ocrx_word' id='word_1_165' title='bbox 1073 3329 1126 3398; x_wconf 92' lang='lat' dir='ltr'><em>ibi</em></span> 
     </span>
     <span class='ocr_line' id='line_1_28' title="bbox 130 3421 1126 3522; baseline -0.001 -19"><span class='ocrx_word' id='word_1_166' title='bbox 130 3445 183 3503; x_wconf 91' lang='lat' dir='ltr'><em>cst</em></span> <span class='ocrx_word' id='word_1_167' title='bbox 203 3431 324 3522; x_wconf 83' lang='lat' dir='ltr'><em>auriga</em></span> <span class='ocrx_word' id='word_1_168' title='bbox 346 3421 485 3514; x_wconf 85' lang='lat' dir='ltr'><em>hoster,</em></span> <span class='ocrx_word' id='word_1_169' title='bbox 509 3431 656 3500; x_wconf 86' lang='lat' dir='ltr'><em>fortasse</em></span> <span class='ocrx_word' id='word_1_170' title='bbox 680 3432 900 3500; x_wconf 89' lang='lat' dir='ltr'><strong>commodius</strong></span> <span class='ocrx_word' id='word_1_171' title='bbox 917 3425 1039 3518; x_wconf 90' lang='lat' dir='ltr'><em>vehet,</em></span> <span class='ocrx_word' id='word_1_172' title='bbox 1065 3433 1126 3501; x_wconf 91' lang='lat' dir='ltr'><em>sed</em></span> 
     </span>
     <span class='ocr_line' id='line_1_29' title="bbox 127 3531 1127 3626; baseline -0.004 -20"><span class='ocrx_word' id='word_1_173' title='bbox 127 3547 211 3606; x_wconf 87' lang='lat' dir='ltr'><em>tuae</em></span> <span class='ocrx_word' id='word_1_174' title='bbox 226 3533 437 3626; x_wconf 81' lang='lat' dir='ltr'><em>prudentiae</em></span> <span class='ocrx_word' id='word_1_175' title='bbox 462 3543 573 3601; x_wconf 90' lang='lat' dir='ltr'><em>totam</em></span> <span class='ocrx_word' id='word_1_176' title='bbox 597 3555 671 3601; x_wconf 91' lang='lat' dir='ltr'><em>rem</em></span> <span class='ocrx_word' id='word_1_177' title='bbox 688 3535 910 3606; x_wconf 90' lang='lat' dir='ltr'><em>commendo.</em></span> <span class='ocrx_word' id='word_1_178' title='bbox 961 3531 1127 3605; x_wconf 92' lang='lat' dir='ltr'><em>Precium</em></span> 
     </span>
     <span class='ocr_line' id='line_1_30' title="bbox 128 3633 1126 3726; baseline -0.001 -20"><span class='ocrx_word' id='word_1_179' title='bbox 128 3637 234 3708; x_wconf 89' lang='lat' dir='ltr'><em>etiam</em></span> <span class='ocrx_word' id='word_1_180' title='bbox 250 3659 313 3726; x_wconf 82' lang='lat' dir='ltr'><em>ego</em></span> <span class='ocrx_word' id='word_1_181' title='bbox 330 3638 423 3704; x_wconf 86' lang='lat' dir='ltr'><em>hona</em></span> <span class='ocrx_word' id='word_1_182' title='bbox 439 3633 510 3702; x_wconf 88' lang='lat' dir='ltr'><em>fide</em></span> <span class='ocrx_word' id='word_1_183' title='bbox 532 3634 739 3707; x_wconf 84' lang='lat' dir='ltr'><strong>numerabo.</strong></span> <span class='ocrx_word' id='word_1_184' title='bbox 791 3633 868 3705; x_wconf 91' lang='lat' dir='ltr'><em>Scis</em></span> <span class='ocrx_word' id='word_1_185' title='bbox 892 3659 948 3704; x_wconf 94' lang='lat' dir='ltr'><em>me</em></span> <span class='ocrx_word' id='word_1_186' title='bbox 970 3636 1126 3705; x_wconf 85' lang='lat' dir='ltr'><em>versieu-</em></span> 
     </span>
     <span class='ocr_line' id='line_1_31' title="bbox 128 3735 1127 3829; baseline 0 -21"><span class='ocrx_word' id='word_1_187' title='bbox 128 3739 207 3808; x_wconf 91' lang='lat' dir='ltr'><em>lum</em></span> <span class='ocrx_word' id='word_1_188' title='bbox 229 3759 416 3829; x_wconf 80' lang='lat' dir='ltr'><strong>usurpasse</strong></span> <span class='ocrx_word' id='word_1_189' title='bbox 445 3737 484 3804; x_wconf 92' lang='lat' dir='ltr'><em>in</em></span> <span class='ocrx_word' id='word_1_190' title='bbox 510 3736 675 3828; x_wconf 87' lang='lat' dir='ltr'><em>epistola,</em></span> <span class='ocrx_word' id='word_1_191' title='bbox 704 3760 809 3829; x_wconf 90' lang='lat' dir='ltr'><em>quam</em></span> <span class='ocrx_word' id='word_1_192' title='bbox 832 3737 955 3828; x_wconf 86' lang='lat' dir='ltr'><em>scripsi</em></span> <span class='ocrx_word' id='word_1_193' title='bbox 978 3735 1127 3810; x_wconf 81' lang='lat' dir='ltr'><em>Ductori</em></span> 
     </span>
     <span class='ocr_line' id='line_1_32' title="bbox 131 3827 1127 3934; baseline 0.004 -24"><span class='ocrx_word' id='word_1_194' title='bbox 131 3833 372 3925; x_wconf 82' lang='lat' dir='ltr'><em>Sebastiano,</em></span> <span class='ocrx_word' id='word_1_195' title='bbox 399 3835 468 3911; x_wconf 82' lang='grc' dir='ltr'><em>οὐκ</em></span> <span class='ocrx_word' id='word_1_196' title='bbox 489 3827 646 3934; x_wconf 68' lang='grc' dir='ltr'><strong><em>αἰσχρὸν</em></strong></span> <span class='ocrx_word' id='word_1_197' title='bbox 672 3831 933 3934; x_wconf 76' lang='grc' dir='ltr'><em>ἀνθρώποισιν</em></span> <span class='ocrx_word' id='word_1_198' title='bbox 960 3833 1127 3934; x_wconf 74' lang='grc' dir='ltr'><em>ἀλλήλων</em></span> 
     </span>
     <span class='ocr_line' id='line_1_33' title="bbox 128 3937 1127 4016; baseline 0 -2"><span class='ocrx_word' id='word_1_199' title='bbox 128 3939 240 4016; x_wconf 81' lang='grc' dir='ltr'><strong>κακὰ.</strong></span> <span class='ocrx_word' id='word_1_200' title='bbox 301 3939 510 4012; x_wconf 82' lang='lat' dir='ltr'><em>Afficiamur</em></span> <span class='ocrx_word' id='word_1_201' title='bbox 533 3942 784 4011; x_wconf 89' lang='lat' dir='ltr'><em>communibus</em></span> <span class='ocrx_word' id='word_1_202' title='bbox 814 3937 1001 4012; x_wconf 89' lang='lat' dir='ltr'><em>hominum</em></span> <span class='ocrx_word' id='word_1_203' title='bbox 1024 3965 1127 4014; x_wconf 89' lang='lat' dir='ltr'><em>aeru-</em></span> 
     </span>
     <span class='ocr_line' id='line_1_34' title="bbox 130 4043 1126 4139; baseline 0.003 -26"><span class='ocrx_word' id='word_1_204' title='bbox 130 4047 243 4131; x_wconf 90' lang='lat' dir='ltr'><em>mnis,</em></span> <span class='ocrx_word' id='word_1_205' title='bbox 273 4069 343 4139; x_wconf 87' lang='lat' dir='ltr'><em>qua</em></span> <span class='ocrx_word' id='word_1_206' title='bbox 364 4043 402 4112; x_wconf 90' lang='lat' dir='ltr'><em>in</em></span> <span class='ocrx_word' id='word_1_207' title='bbox 425 4067 464 4113; x_wconf 90' lang='lat' dir='ltr'><em>re</em></span> <span class='ocrx_word' id='word_1_208' title='bbox 484 4043 568 4126; x_wconf 57' lang='lat' dir='ltr'><em>scio„</em></span> <span class='ocrx_word' id='word_1_209' title='bbox 577 4057 611 4112; x_wconf 90' lang='lat' dir='ltr'><em>te</em></span> <span class='ocrx_word' id='word_1_210' title='bbox 631 4067 711 4112; x_wconf 89' lang='lat' dir='ltr'><em>vera</em></span> <span class='ocrx_word' id='word_1_211' title='bbox 728 4044 859 4114; x_wconf 88' lang='lat' dir='ltr'><em>virtute</em></span> <span class='ocrx_word' id='word_1_212' title='bbox 875 4045 996 4114; x_wconf 90' lang='lat' dir='ltr'><em>omnia</em></span> <span class='ocrx_word' id='word_1_213' title='bbox 1013 4047 1126 4116; x_wconf 85' lang='lat' dir='ltr'><em>officia</em></span> 
     </span>
     <span class='ocr_line' id='line_1_35' title="bbox 130 4144 1126 4238; baseline 0.005 -24"><span class='ocrx_word' id='word_1_214' title='bbox 130 4147 322 4218; x_wconf 76' lang='lat' dir='ltr'><em>virobono</em></span> <span class='ocrx_word' id='word_1_215' title='bbox 339 4147 445 4236; x_wconf 85' lang='lat' dir='ltr'><em>digna</em></span> <span class='ocrx_word' id='word_1_216' title='bbox 463 4159 650 4238; x_wconf 87' lang='lat' dir='ltr'><em>praestare.</em></span> <span class='ocrx_word' id='word_1_217' title='bbox 694 4144 792 4215; x_wconf 90' lang='lat' dir='ltr'><em>Bene</em></span> <span class='ocrx_word' id='word_1_218' title='bbox 809 4147 907 4234; x_wconf 86' lang='lat' dir='ltr'><em>vale,</em></span> <span class='ocrx_word' id='word_1_219' title='bbox 933 4149 990 4217; x_wconf 90' lang='lat' dir='ltr'><em>die</em></span> <span class='ocrx_word' id='word_1_220' title='bbox 1004 4149 1126 4219; x_wconf 90' lang='lat' dir='ltr'><em>eodem</em></span> 
     </span>
     <span class='ocr_line' id='line_1_36' title="bbox 131 4247 454 4342; baseline 0.003 -22"><span class='ocrx_word' id='word_1_221' title='bbox 131 4274 203 4342; x_wconf 89' lang='lat' dir='ltr'><em>quo</em></span> <span class='ocrx_word' id='word_1_222' title='bbox 221 4247 307 4321; x_wconf 90' lang='lat' dir='ltr'><em>hinc</em></span> <span class='ocrx_word' id='word_1_223' title='bbox 323 4247 454 4321; x_wconf 87' lang='lat' dir='ltr'><em>abiisti.</em></span> 
     </span>
     <span class='ocr_line' id='line_1_37' title="bbox 693 4343 1078 4446; baseline 0.023 -27"><span class='ocrx_word' id='word_1_224' title='bbox 693 4343 883 4446; x_wconf 75' lang='lat' dir='ltr'><em>Philippus</em></span> <span class='ocrx_word' id='word_1_225' title='bbox 899 4349 1078 4428; x_wconf 86' lang='lat' dir='ltr'><em>Melanth.</em></span> 
     </span>
    </p>
   </div>
   <div class='ocr_carea' id='block_1_10' title="bbox 137 4552 1107 4578">
    <p class='ocr_par' dir='ltr' id='par_1_10' title="bbox 137 4552 1107 4578">
     <span class='ocr_line' id='line_1_38' title="bbox 137 4552 1107 4578; baseline 0.014 -14"><span class='ocrx_word' id='word_1_226' title='bbox 137 4559 363 4576; x_wconf 56' lang='lat' dir='ltr'><em>m</em></span> <span class='ocrx_word' id='word_1_227' title='bbox 369 4552 420 4570; x_wconf 59' lang='lat' dir='ltr'><em>ndu-.-</em></span> <span class='ocrx_word' id='word_1_228' title='bbox 425 4558 467 4568; x_wconf 69' lang='lat' dir='ltr'><em>n·—</em></span> <span class='ocrx_word' id='word_1_229' title='bbox 477 4559 733 4577; x_wconf 62' lang='grc' dir='ltr'><em>-ι---ι--ι---ῡ--ι-αι--φ-</em></span> <span class='ocrx_word' id='word_1_230' title='bbox 739 4562 1107 4578; x_wconf 56' lang='lat' dir='ltr'><em>-o-——uw-u--e—n—-nunn</em></span> 
     </span>
    </p>
   </div>
   <div class='ocr_carea' id='block_1_11' title="bbox 128 4703 323 4779">
    <p class='ocr_par' dir='ltr' id='par_1_11' title="bbox 128 4703 323 4779">
     <span class='ocr_line' id='line_1_39' title="bbox 128 4703 323 4779; baseline -0.021 -3"><span class='ocrx_word' id='word_1_231' title='bbox 128 4703 197 4779; x_wconf 83' lang='lat' dir='ltr'><em>No.</em></span> <span class='ocrx_word' id='word_1_232' title='bbox 211 4703 323 4778; x_wconf 69' lang='lat'><strong>5328.</strong></span> 
     </span>
    </p>
   </div>
   <div class='ocr_carea' id='block_1_12' title="bbox 129 4801 1113 4848">
    <p class='ocr_par' dir='ltr' id='par_1_12' title="bbox 129 4801 1113 4848">
     <span class='ocr_line' id='line_1_40' title="bbox 129 4801 1113 4848; baseline 0.013 -13"><span class='ocrx_word' id='word_1_233' title='bbox 129 4801 302 4835; x_wconf 50' lang='lat' dir='ltr'><em>*em</em></span> <span class='ocrx_word' id='word_1_234' title='bbox 717 4809 1113 4848; x_wconf 52' lang='grc' dir='ltr'><em>Μ.</em></span> 
     </span>
    </p>
   </div>
   <div class='ocr_carea' id='block_1_13' title="bbox 343 4911 755 5006">
    <p class='ocr_par' dir='ltr' id='par_1_13' title="bbox 343 4911 755 5006">
     <span class='ocr_line' id='line_1_41' title="bbox 343 4911 755 5006; baseline 0.012 -7"><span class='ocrx_word' id='word_1_235' title='bbox 343 4954 347 4964; x_wconf 59' lang='grc'><em>’</em></span> <span class='ocrx_word' id='word_1_236' title='bbox 407 4939 425 4948; x_wconf 89' lang='grc'><em>··</em></span> <span class='ocrx_word' id='word_1_237' title='bbox 500 4911 550 5006; x_wconf 86' lang='lat' dir='ltr'><em>G.</em></span> <span class='ocrx_word' id='word_1_238' title='bbox 579 4913 755 5004; x_wconf 80' lang='lat' dir='ltr'><em>Sabino.</em></span> 
     </span>
    </p>
   </div>
   <div class='ocr_carea' id='block_1_14' title="bbox 200 5069 1124 5224">
    <p class='ocr_par' dir='ltr' id='par_1_14' title="bbox 200 5069 1124 5224">
     <span class='ocr_line' id='line_1_42' title="bbox 200 5069 1124 5204; baseline -0.006 -67"><span class='ocrx_word' id='word_1_239' title='bbox 200 5081 287 5154; x_wconf 73' lang='lat' dir='ltr'><em>Epist«</em></span> <span class='ocrx_word' id='word_1_240' title='bbox 299 5078 347 5134; x_wconf 86' lang='lat' dir='ltr'><em>lih.</em></span> <span class='ocrx_word' id='word_1_241' title='bbox 360 5077 408 5135; x_wconf 85' lang='lat' dir='ltr'><em>Vl.</em></span> <span class='ocrx_word' id='word_1_242' title='bbox 417 5093 449 5204; x_wconf 78' lang='lat' dir='ltr'><em>p.</em></span> <span class='ocrx_word' id='word_1_243' title='bbox 462 5075 524 5132; x_wconf 80' lang='lat' dir='ltr'><em>tst.</em></span> <span class='ocrx_word' id='word_1_244' title='bbox 534 5105 575 5120; x_wconf 69' lang='grc'><em>«-</em></span> <span class='ocrx_word' id='word_1_245' title='bbox 597 5069 649 5133; x_wconf 86' lang='lat' dir='ltr'><em>llic</em></span> <span class='ocrx_word' id='word_1_246' title='bbox 663 5094 693 5132; x_wconf 81' lang='lat' dir='ltr'><em>ex</em></span> <span class='ocrx_word' id='word_1_247' title='bbox 706 5077 874 5162; x_wconf 71' lang='lat' dir='ltr'><em>sutpgrapho</em></span> <span class='ocrx_word' id='word_1_248' title='bbox 886 5079 914 5132; x_wconf 89' lang='lat' dir='ltr'><em>ln</em></span> <span class='ocrx_word' id='word_1_249' title='bbox 930 5080 993 5139; x_wconf 89' lang='lat' dir='ltr'><em>cod.</em></span> <span class='ocrx_word' id='word_1_250' title='bbox 1007 5081 1088 5142; x_wconf 78' lang='lat' dir='ltr'><em>Mon,</em></span> <span class='ocrx_word' id='word_1_251' title='bbox 1102 5087 1124 5142; x_wconf 78' lang='lat'><em>1,</em></span> 
     </span>
     <span class='ocr_line' id='line_1_43' title="bbox 230 5149 1028 5224; baseline -0.009 -18"><span class='ocrx_word' id='word_1_252' title='bbox 230 5171 258 5224; x_wconf 87' lang='lat' dir='ltr'><em>p.</em></span> <span class='ocrx_word' id='word_1_253' title='bbox 273 5149 341 5220; x_wconf 81' lang='lat'><em>296,</em></span> <span class='ocrx_word' id='word_1_254' title='bbox 359 5167 414 5222; x_wconf 85' lang='lat' dir='ltr'><em>quo</em></span> <span class='ocrx_word' id='word_1_255' title='bbox 447 5156 539 5202; x_wconf 85' lang='lat' dir='ltr'><em>autem</em></span> <span class='ocrx_word' id='word_1_256' title='bbox 552 5149 638 5216; x_wconf 82' lang='lat' dir='ltr'><em>&lt;certe</em></span> <span class='ocrx_word' id='word_1_257' title='bbox 650 5151 735 5216; x_wconf 85' lang='lat' dir='ltr'><em>nunc)</em></span> <span class='ocrx_word' id='word_1_258' title='bbox 751 5156 929 5220; x_wconf 84' lang='lat' dir='ltr'><em>toscrtptrone</em></span> <span class='ocrx_word' id='word_1_259' title='bbox 944 5161 1028 5208; x_wconf 75' lang='lat' dir='ltr'><em>caret,</em></span> 
     </span>
    </p>
   </div>
   <div class='ocr_carea' id='block_1_15' title="bbox 164 5372 1123 5504">
    <p class='ocr_par' dir='ltr' id='par_1_15' title="bbox 164 5372 1123 5504">
     <span class='ocr_line' id='line_1_44' title="bbox 164 5372 1123 5452; baseline -0.005 -16"><span class='ocrx_word' id='word_1_260' title='bbox 164 5381 195 5452; x_wconf 64' lang='lat' dir='ltr'><em>²l)</em></span> <span class='ocrx_word' id='word_1_261' title='bbox 213 5379 358 5435; x_wconf 80' lang='lat' dir='ltr'><em>Proiectus</em></span> <span class='ocrx_word' id='word_1_262' title='bbox 376 5375 464 5430; x_wconf 74' lang='lat' dir='ltr'><em>luerat</em></span> <span class='ocrx_word' id='word_1_263' title='bbox 476 5373 552 5430; x_wconf 85' lang='lat' dir='ltr'><em>Cam.</em></span> <span class='ocrx_word' id='word_1_264' title='bbox 565 5372 739 5444; x_wconf 68' lang='lat' dir='ltr'><em>Viteherpstu</em></span> <span class='ocrx_word' id='word_1_265' title='bbox 758 5383 787 5428; x_wconf 87' lang='lat' dir='ltr'><em>ut</em></span> <span class='ocrx_word' id='word_1_266' title='bbox 805 5373 872 5429; x_wconf 81' lang='lat' dir='ltr'><em>ibid.</em></span> <span class='ocrx_word' id='word_1_267' title='bbox 888 5375 956 5431; x_wconf 75' lang='grc'><strong>(1.8.</strong></span> <span class='ocrx_word' id='word_1_268' title='bbox 972 5387 999 5431; x_wconf 82' lang='lat' dir='ltr'><em>et</em></span> <span class='ocrx_word' id='word_1_269' title='bbox 1010 5375 1035 5433; x_wconf 86' lang='lat'><em>9.</em></span> <span class='ocrx_word' id='word_1_270' title='bbox 1051 5377 1123 5434; x_wconf 87' lang='lat' dir='ltr'><em>Dch.</em></span> 
     </span>
     <span class='ocr_line' id='line_1_45' title="bbox 200 5445 733 5504; baseline -0.008 -2"><span class='ocrx_word' id='word_1_271' title='bbox 200 5449 301 5504; x_wconf 75' lang='lat' dir='ltr'><em>videret</em></span> <span class='ocrx_word' id='word_1_272' title='bbox 316 5447 459 5502; x_wconf 75' lang='lat' dir='ltr'><em>otbertum</em></span> <span class='ocrx_word' id='word_1_273' title='bbox 481 5445 589 5501; x_wconf 83' lang='lat' dir='ltr'><em>Ducem</em></span> <span class='ocrx_word' id='word_1_274' title='bbox 601 5445 733 5498; x_wconf 77' lang='lat' dir='ltr'><em>Penestae.</em></span> 
     </span>
    </p>
   </div>
   <div class='ocr_carea' id='block_1_16' title="bbox 696 237 1594 332">
    <p class='ocr_par' dir='ltr' id='par_1_16' title="bbox 696 237 1594 332">
     <span class='ocr_line' id='line_1_46' title="bbox 696 237 1594 332; baseline 0.012 -10"><span class='ocrx_word' id='word_1_275' title='bbox 696 237 1137 324; x_wconf 77' lang='lat' dir='ltr'><em>EPISTOLARUM</em></span> <span class='ocrx_word' id='word_1_276' title='bbox 1193 245 1302 326; x_wconf 78' lang='lat' dir='ltr'><em>nte.</em></span> <span class='ocrx_word' id='word_1_277' title='bbox 1340 245 1406 330; x_wconf 79' lang='lat' dir='ltr'><em>IX.</em></span> <span class='ocrx_word' id='word_1_278' title='bbox 1456 249 1594 332; x_wconf 81' lang='lat' dir='ltr'><em>tots.</em></span> 
     </span>
    </p>
   </div>
   <div class='ocr_carea' id='block_1_17' title="bbox 796 1023 1207 1108">
    <p class='ocr_par' dir='ltr' id='par_1_17' title="bbox 796 1023 1207 1108">
     <span class='ocr_line' id='line_1_47' title="bbox 796 1023 1207 1108; baseline 0.01 -22"><span class='ocrx_word' id='word_1_279' title='bbox 796 1026 873 1108; x_wconf 87' lang='lat'><em>(10.</em></span> <span class='ocrx_word' id='word_1_280' title='bbox 893 1031 940 1088; x_wconf 84' lang='lat' dir='ltr'><em>vel</em></span> <span class='ocrx_word' id='word_1_281' title='bbox 959 1034 1014 1096; x_wconf 77' lang='lat'><em>12.</em></span> <span class='ocrx_word' id='word_1_282' title='bbox 1029 1023 1125 1108; x_wconf 86' lang='lat' dir='ltr'><em>Deo.)</em></span> <span class='ocrx_word' id='word_1_283' title='bbox 1199 1079 1207 1098; x_wconf 88' lang='lat'><em>.</em></span> 
     </span>
    </p>
   </div>
   <div class='ocr_carea' id='block_1_18' title="bbox 1174 257 2178 529">
    <p class='ocr_par' dir='ltr' id='par_1_18' title="bbox 1174 257 2178 529">
     <span class='ocr_line' id='line_1_48' title="bbox 1870 257 2178 340; baseline 0.016 -9"><span class='ocrx_word' id='word_1_284' title='bbox 1870 323 1873 331; x_wconf 35' lang='grc' dir='ltr'>ι</span> <span class='ocrx_word' id='word_1_285' title='bbox 1981 319 1983 340; x_wconf 77' lang='lat'><em>.</em></span> <span class='ocrx_word' id='word_1_286' title='bbox 2101 257 2178 337; x_wconf 72' lang='lat'><em>002</em></span> 
     </span>
     <span class='ocr_line' id='line_1_49' title="bbox 1174 408 2172 529; baseline 0.017 -35"><span class='ocrx_word' id='word_1_287' title='bbox 1174 408 1235 494; x_wconf 78' lang='lat' dir='ltr'><em>CI.</em></span> <span class='ocrx_word' id='word_1_288' title='bbox 1261 415 1376 511; x_wconf 88' lang='lat' dir='ltr'><em>Viro,</em></span> <span class='ocrx_word' id='word_1_289' title='bbox 1400 417 1482 502; x_wconf 86' lang='lat' dir='ltr'><em>Dn.</em></span> <span class='ocrx_word' id='word_1_290' title='bbox 1513 419 1717 524; x_wconf 72' lang='lat' dir='ltr'><em>Georgio</em></span> <span class='ocrx_word' id='word_1_291' title='bbox 1742 423 1944 518; x_wconf 80' lang='lat' dir='ltr'><em>Sabino,</em></span> <span class='ocrx_word' id='word_1_292' title='bbox 1972 453 2106 529; x_wconf 71' lang='lat' dir='ltr'><em>genero</em></span> <span class='ocrx_word' id='word_1_293' title='bbox 2130 431 2172 513; x_wconf 82' lang='lat' dir='ltr'><em>S.</em></span> 
     </span>
    </p>
   </div>
   <div class='ocr_carea' id='block_1_19' title="bbox 1172 548 2173 2205">
    <p class='ocr_par' dir='ltr' id='par_1_19' title="bbox 1172 548 2173 2205">
     <span class='ocr_line' id='line_1_50' title="bbox 1172 548 2173 667; baseline 0.019 -27"><span class='ocrx_word' id='word_1_294' title='bbox 1172 548 1220 640; x_wconf 78' lang='lat' dir='ltr'><em>S·</em></span> <span class='ocrx_word' id='word_1_295' title='bbox 1245 564 1291 638; x_wconf 91' lang='lat' dir='ltr'><em>D.</em></span> <span class='ocrx_word' id='word_1_296' title='bbox 1347 565 1536 643; x_wconf 81' lang='lat' dir='ltr'><em>Carissimo</em></span> <span class='ocrx_word' id='word_1_297' title='bbox 1559 571 1703 667; x_wconf 80' lang='lat' dir='ltr'><em>Georgi.</em></span> <span class='ocrx_word' id='word_1_298' title='bbox 1765 575 1955 652; x_wconf 84' lang='lat' dir='ltr'><em>Praesente</em></span> <span class='ocrx_word' id='word_1_299' title='bbox 1976 577 2173 660; x_wconf 77' lang='lat' dir='ltr'><em>Ioachimo</em></span> 
     </span>
     <span class='ocr_line' id='line_1_51' title="bbox 1173 669 2171 770; baseline 0.025 -32"><span class='ocrx_word' id='word_1_300' title='bbox 1173 669 1263 740; x_wconf 87' lang='lat' dir='ltr'><em>Viro</em></span> <span class='ocrx_word' id='word_1_301' title='bbox 1298 673 1433 764; x_wconf 93' lang='lat' dir='ltr'><em>optimo</em></span> <span class='ocrx_word' id='word_1_302' title='bbox 1466 676 1590 770; x_wconf 90' lang='lat' dir='ltr'><em>tuique</em></span> <span class='ocrx_word' id='word_1_303' title='bbox 1621 679 1863 754; x_wconf 80' lang='lat' dir='ltr'><em>amantissimo</em></span> <span class='ocrx_word' id='word_1_304' title='bbox 1906 681 2171 763; x_wconf 88' lang='lat' dir='ltr'><em>Illustrissimus</em></span> 
     </span>
     <span class='ocr_line' id='line_1_52' title="bbox 1172 767 2170 872; baseline 0.022 -30"><span class='ocrx_word' id='word_1_305' title='bbox 1172 767 1389 872; x_wconf 74' lang='lat' dir='ltr'><em>Princeps*)</em></span> <span class='ocrx_word' id='word_1_306' title='bbox 1412 778 1500 848; x_wconf 88' lang='lat' dir='ltr'><em>adeo</em></span> <span class='ocrx_word' id='word_1_307' title='bbox 1528 771 1724 853; x_wconf 85' lang='lat' dir='ltr'><em>honorifice</em></span> <span class='ocrx_word' id='word_1_308' title='bbox 1747 797 1783 854; x_wconf 90' lang='lat' dir='ltr'><em>et</em></span> <span class='ocrx_word' id='word_1_309' title='bbox 1806 799 1969 858; x_wconf 87' lang='lat' dir='ltr'><em>amanter</em></span> <span class='ocrx_word' id='word_1_310' title='bbox 1989 786 2034 860; x_wconf 87' lang='lat' dir='ltr'><em>de</em></span> <span class='ocrx_word' id='word_1_311' title='bbox 2056 805 2091 863; x_wconf 91' lang='lat' dir='ltr'><em>te</em></span> <span class='ocrx_word' id='word_1_312' title='bbox 2113 793 2170 864; x_wconf 91' lang='lat' dir='ltr'><em>lo-</em></span> 
     </span>
     <span class='ocr_line' id='line_1_53' title="bbox 1173 885 2171 982; baseline 0.024 -38"><span class='ocrx_word' id='word_1_313' title='bbox 1173 889 1274 948; x_wconf 88' lang='lat' dir='ltr'><em>cutus</em></span> <span class='ocrx_word' id='word_1_314' title='bbox 1290 889 1358 961; x_wconf 77' lang='lat' dir='ltr'><em>est,</em></span> <span class='ocrx_word' id='word_1_315' title='bbox 1383 891 1551 974; x_wconf 89' lang='lat' dir='ltr'><em>tuamque</em></span> <span class='ocrx_word' id='word_1_316' title='bbox 1565 885 1844 957; x_wconf 88' lang='lat' dir='ltr'><em>moderationem</em></span> <span class='ocrx_word' id='word_1_317' title='bbox 1866 891 2103 982; x_wconf 86' lang='lat' dir='ltr'><em>praedicavit,</em></span> <span class='ocrx_word' id='word_1_318' title='bbox 2128 910 2171 968; x_wconf 89' lang='lat' dir='ltr'><em>ut</em></span> 
     </span>
     <span class='ocr_line' id='line_1_54' title="bbox 1174 979 2170 1088; baseline 0.02 -40"><span class='ocrx_word' id='word_1_319' title='bbox 1174 991 1208 1049; x_wconf 91' lang='lat' dir='ltr'><em>et</em></span> <span class='ocrx_word' id='word_1_320' title='bbox 1223 993 1344 1052; x_wconf 90' lang='lat' dir='ltr'><em>nostra</em></span> <span class='ocrx_word' id='word_1_321' title='bbox 1360 993 1394 1053; x_wconf 90' lang='lat' dir='ltr'><em>et</em></span> <span class='ocrx_word' id='word_1_322' title='bbox 1407 979 1563 1075; x_wconf 89' lang='lat' dir='ltr'><em>Reipub.</em></span> <span class='ocrx_word' id='word_1_323' title='bbox 1581 985 1771 1058; x_wconf 84' lang='lat' dir='ltr'><em>litterariae</em></span> <span class='ocrx_word' id='word_1_324' title='bbox 1789 1012 1892 1061; x_wconf 86' lang='lat' dir='ltr'><em>causa</em></span> <span class='ocrx_word' id='word_1_325' title='bbox 1908 993 2012 1065; x_wconf 89' lang='lat' dir='ltr'><em>valde</em></span> <span class='ocrx_word' id='word_1_326' title='bbox 2025 995 2090 1065; x_wconf 88' lang='lat' dir='ltr'><em>sim</em></span> <span class='ocrx_word' id='word_1_327' title='bbox 2107 1021 2170 1088; x_wconf 82' lang='lat' dir='ltr'><em>ga-</em></span> 
     </span>
     <span class='ocr_line' id='line_1_55' title="bbox 1173 1077 2170 1188; baseline 0.024 -40"><span class='ocrx_word' id='word_1_328' title='bbox 1173 1105 1279 1154; x_wconf 71' lang='lat' dir='ltr'><em>visus.</em></span> <span class='ocrx_word' id='word_1_329' title='bbox 1339 1077 1417 1154; x_wconf 82' lang='lat' dir='ltr'><strong>Or&#39;o</strong></span> <span class='ocrx_word' id='word_1_330' title='bbox 1446 1099 1562 1156; x_wconf 90' lang='lat' dir='ltr'><em>autem</em></span> <span class='ocrx_word' id='word_1_331' title='bbox 1584 1085 1701 1160; x_wconf 89' lang='lat' dir='ltr'><em>Deum</em></span> <span class='ocrx_word' id='word_1_332' title='bbox 1726 1106 1908 1164; x_wconf 91' lang='lat' dir='ltr'><em>aeternum</em></span> <span class='ocrx_word' id='word_1_333' title='bbox 1930 1110 2067 1188; x_wconf 92' lang='lat' dir='ltr'><em>patrem</em></span> <span class='ocrx_word' id='word_1_334' title='bbox 2092 1095 2170 1171; x_wconf 89' lang='lat' dir='ltr'><em>Do-</em></span> 
     </span>
     <span class='ocr_line' id='line_1_56' title="bbox 1173 1183 2168 1279; baseline 0.023 -30"><span class='ocrx_word' id='word_1_335' title='bbox 1173 1183 1264 1251; x_wconf 89' lang='lat' dir='ltr'><em>mini</em></span> <span class='ocrx_word' id='word_1_336' title='bbox 1286 1188 1399 1256; x_wconf 93' lang='lat' dir='ltr'><em>nostri</em></span> <span class='ocrx_word' id='word_1_337' title='bbox 1424 1184 1503 1258; x_wconf 90' lang='lat' dir='ltr'><em>lesu</em></span> <span class='ocrx_word' id='word_1_338' title='bbox 1526 1186 1681 1279; x_wconf 89' lang='lat' dir='ltr'><em>Christi,</em></span> <span class='ocrx_word' id='word_1_339' title='bbox 1714 1207 1808 1265; x_wconf 91' lang='lat' dir='ltr'><em>utet</em></span> <span class='ocrx_word' id='word_1_340' title='bbox 1828 1199 1945 1266; x_wconf 90' lang='lat' dir='ltr'><em>studia</em></span> <span class='ocrx_word' id='word_1_341' title='bbox 1968 1199 2168 1275; x_wconf 89' lang='lat' dir='ltr'><em>litterarum</em></span> 
     </span>
     <span class='ocr_line' id='line_1_57' title="bbox 1175 1285 2167 1395; baseline 0.022 -42"><span class='ocrx_word' id='word_1_342' title='bbox 1175 1287 1212 1354; x_wconf 92' lang='lat' dir='ltr'><em>in</em></span> <span class='ocrx_word' id='word_1_343' title='bbox 1233 1287 1398 1365; x_wconf 84' lang='lat' dir='ltr'><em>universa</em></span> <span class='ocrx_word' id='word_1_344' title='bbox 1414 1285 1570 1362; x_wconf 85' lang='lat' dir='ltr'><em>Ecclesia</em></span> <span class='ocrx_word' id='word_1_345' title='bbox 1596 1305 1630 1364; x_wconf 88' lang='lat' dir='ltr'><em>et</em></span> <span class='ocrx_word' id='word_1_346' title='bbox 1645 1309 1758 1366; x_wconf 89' lang='lat' dir='ltr'><em>vestra</em></span> <span class='ocrx_word' id='word_1_347' title='bbox 1774 1309 1934 1386; x_wconf 87' lang='lat' dir='ltr'><em>tueatur,</em></span> <span class='ocrx_word' id='word_1_348' title='bbox 1959 1315 1993 1372; x_wconf 94' lang='lat' dir='ltr'><em>et</em></span> <span class='ocrx_word' id='word_1_349' title='bbox 2008 1315 2043 1372; x_wconf 87' lang='lat' dir='ltr'><em>te</em></span> <span class='ocrx_word' id='word_1_350' title='bbox 2057 1319 2167 1395; x_wconf 82' lang='lat' dir='ltr'><em>regat,</em></span> 
     </span>
     <span class='ocr_line' id='line_1_58' title="bbox 1173 1387 2168 1479; baseline 0.023 -23"><span class='ocrx_word' id='word_1_351' title='bbox 1173 1401 1214 1460; x_wconf 90' lang='lat' dir='ltr'><em>ut</em></span> <span class='ocrx_word' id='word_1_352' title='bbox 1237 1387 1275 1457; x_wconf 90' lang='lat' dir='ltr'><em>in</em></span> <span class='ocrx_word' id='word_1_353' title='bbox 1296 1391 1357 1460; x_wconf 91' lang='lat' dir='ltr'><em>illa</em></span> <span class='ocrx_word' id='word_1_354' title='bbox 1373 1387 1529 1463; x_wconf 89' lang='lat' dir='ltr'><em>Balthici</em></span> <span class='ocrx_word' id='word_1_355' title='bbox 1544 1397 1653 1464; x_wconf 85' lang='lat' dir='ltr'><em>maris</em></span> <span class='ocrx_word' id='word_1_356' title='bbox 1668 1421 1731 1466; x_wconf 88' lang='lat' dir='ltr'><em>ora</em></span> <span class='ocrx_word' id='word_1_357' title='bbox 1746 1397 1869 1470; x_wconf 89' lang='lat' dir='ltr'><em>literae</em></span> <span class='ocrx_word' id='word_1_358' title='bbox 1887 1415 1921 1472; x_wconf 91' lang='lat' dir='ltr'><em>et</em></span> <span class='ocrx_word' id='word_1_359' title='bbox 1935 1403 2096 1478; x_wconf 89' lang='lat' dir='ltr'><em>doctrina</em></span> <span class='ocrx_word' id='word_1_360' title='bbox 2121 1410 2168 1479; x_wconf 89' lang='lat' dir='ltr'><em>de</em></span> 
     </span>
     <span class='ocr_line' id='line_1_59' title="bbox 1173 1491 2169 1604; baseline 0.024 -45"><span class='ocrx_word' id='word_1_361' title='bbox 1173 1491 1272 1576; x_wconf 89' lang='lat' dir='ltr'><em>Deo,</em></span> <span class='ocrx_word' id='word_1_362' title='bbox 1298 1505 1333 1562; x_wconf 91' lang='lat' dir='ltr'><em>et</em></span> <span class='ocrx_word' id='word_1_363' title='bbox 1350 1495 1512 1564; x_wconf 89' lang='lat' dir='ltr'><em>omnium</em></span> <span class='ocrx_word' id='word_1_364' title='bbox 1533 1497 1706 1569; x_wconf 87' lang='lat' dir='ltr'><em>virtutum</em></span> <span class='ocrx_word' id='word_1_365' title='bbox 1725 1497 1849 1572; x_wconf 83' lang='lat' dir='ltr'><em>officiis</em></span> <span class='ocrx_word' id='word_1_366' title='bbox 1872 1504 2022 1576; x_wconf 86' lang='lat' dir='ltr'><em>feliciter</em></span> <span class='ocrx_word' id='word_1_367' title='bbox 2037 1533 2169 1604; x_wconf 90' lang='lat' dir='ltr'><em>propa·</em></span> 
     </span>
     <span class='ocr_line' id='line_1_60' title="bbox 1174 1591 2168 1705; baseline 0.025 -45"><span class='ocrx_word' id='word_1_368' title='bbox 1174 1609 1312 1682; x_wconf 82' lang='lat' dir='ltr'><em>gentur.</em></span> <span class='ocrx_word' id='word_1_369' title='bbox 1364 1591 1624 1690; x_wconf 84' lang='lat' dir='ltr'><em>Theologicum</em></span> <span class='ocrx_word' id='word_1_370' title='bbox 1640 1599 1879 1674; x_wconf 84' lang='lat' dir='ltr'><em>Professorem</em></span> <span class='ocrx_word' id='word_1_371' title='bbox 1893 1601 2083 1705; x_wconf 80' lang='lat' dir='ltr'><em>Staphylo</em></span> <span class='ocrx_word' id='word_1_372' title='bbox 2102 1615 2168 1684; x_wconf 90' lang='lat' dir='ltr'><em>ad-</em></span> 
     </span>
     <span class='ocr_line' id='line_1_61' title="bbox 1174 1693 2168 1796; baseline 0.023 -34"><span class='ocrx_word' id='word_1_373' title='bbox 1174 1695 1273 1786; x_wconf 85' lang='lat' dir='ltr'><em>iungi</em></span> <span class='ocrx_word' id='word_1_374' title='bbox 1288 1719 1388 1788; x_wconf 90' lang='lat' dir='ltr'><em>posse</em></span> <span class='ocrx_word' id='word_1_375' title='bbox 1397 1693 1561 1768; x_wconf 73' lang='lat' dir='ltr'><em>Alesiam</em></span> <span class='ocrx_word' id='word_1_376' title='bbox 1570 1699 1739 1795; x_wconf 85' lang='lat' dir='ltr'><em>Princeps</em></span> <span class='ocrx_word' id='word_1_377' title='bbox 1753 1709 1908 1796; x_wconf 85' lang='lat' dir='ltr'><em>putabat.</em></span> <span class='ocrx_word' id='word_1_378' title='bbox 1934 1709 2005 1782; x_wconf 91' lang='lat' dir='ltr'><em>Sed</em></span> <span class='ocrx_word' id='word_1_379' title='bbox 2013 1707 2043 1782; x_wconf 95' lang='lat' dir='ltr'><em>I</em></span> <span class='ocrx_word' id='word_1_380' title='bbox 2041 1708 2168 1784; x_wconf 83' lang='lat' dir='ltr'><em>oachi-</em></span> 
     </span>
     <span class='ocr_line' id='line_1_62' title="bbox 1174 1803 2167 1906; baseline 0.024 -41"><span class='ocrx_word' id='word_1_381' title='bbox 1174 1821 1255 1866; x_wconf 85' lang='lat' dir='ltr'><em>mus</em></span> <span class='ocrx_word' id='word_1_382' title='bbox 1280 1811 1314 1868; x_wconf 86' lang='lat' dir='ltr'><em>et</em></span> <span class='ocrx_word' id='word_1_383' title='bbox 1337 1821 1399 1890; x_wconf 85' lang='lat' dir='ltr'><em>ego</em></span> <span class='ocrx_word' id='word_1_384' title='bbox 1426 1803 1617 1890; x_wconf 88' lang='lat' dir='ltr'><em>suasimus,</em></span> <span class='ocrx_word' id='word_1_385' title='bbox 1642 1817 1683 1876; x_wconf 90' lang='lat' dir='ltr'><em>ut</em></span> <span class='ocrx_word' id='word_1_386' title='bbox 1703 1819 1741 1878; x_wconf 92' lang='lat' dir='ltr'><em>tu</em></span> <span class='ocrx_word' id='word_1_387' title='bbox 1764 1833 1906 1906; x_wconf 87' lang='lat' dir='ltr'><em>quoque</em></span> <span class='ocrx_word' id='word_1_388' title='bbox 1922 1810 1960 1881; x_wconf 88' lang='lat' dir='ltr'><em>in</em></span> <span class='ocrx_word' id='word_1_389' title='bbox 1978 1817 2167 1888; x_wconf 90' lang='lat' dir='ltr'><em>consilium</em></span> 
     </span>
     <span class='ocr_line' id='line_1_63' title="bbox 1173 1896 2169 2005; baseline 0.021 -35"><span class='ocrx_word' id='word_1_390' title='bbox 1173 1896 1386 1977; x_wconf 88' lang='lat' dir='ltr'><em>adhibearis.</em></span> <span class='ocrx_word' id='word_1_391' title='bbox 1436 1901 1514 1994; x_wconf 81' lang='lat' dir='ltr'><em>Ego</em></span> <span class='ocrx_word' id='word_1_392' title='bbox 1537 1930 1612 1976; x_wconf 91' lang='lat' dir='ltr'><em>non</em></span> <span class='ocrx_word' id='word_1_393' title='bbox 1635 1907 1736 1994; x_wconf 87' lang='lat' dir='ltr'><em>scio,</em></span> <span class='ocrx_word' id='word_1_394' title='bbox 1759 1911 1839 2005; x_wconf 91' lang='lat' dir='ltr'><em>quis</em></span> <span class='ocrx_word' id='word_1_395' title='bbox 1859 1913 1964 1986; x_wconf 91' lang='lat' dir='ltr'><em>initio</em></span> <span class='ocrx_word' id='word_1_396' title='bbox 1988 1942 2169 1990; x_wconf 89' lang='lat' dir='ltr'><em>commen-</em></span> 
     </span>
     <span class='ocr_line' id='line_1_64' title="bbox 1174 1997 2173 2112; baseline 0.023 -40"><span class='ocrx_word' id='word_1_397' title='bbox 1174 2005 1268 2074; x_wconf 90' lang='lat' dir='ltr'><em>darit</em></span> <span class='ocrx_word' id='word_1_398' title='bbox 1286 1997 1450 2074; x_wconf 75' lang='lat' dir='ltr'><em>Alesiam</em></span> <span class='ocrx_word' id='word_1_399' title='bbox 1473 2005 1654 2102; x_wconf 88' lang='lat' dir='ltr'><em>Principi,</em></span> <span class='ocrx_word' id='word_1_400' title='bbox 1689 2023 1722 2084; x_wconf 91' lang='lat' dir='ltr'><em>et</em></span> <span class='ocrx_word' id='word_1_401' title='bbox 1743 2013 1965 2104; x_wconf 82' lang='lat' dir='ltr'><em>migrationis</em></span> <span class='ocrx_word' id='word_1_402' title='bbox 1993 2021 2173 2112; x_wconf 81' lang='lat' dir='ltr'><em>cupidita·=</em></span> 
     </span>
     <span class='ocr_line' id='line_1_65' title="bbox 1174 2109 2166 2205; baseline 0.018 -29"><span class='ocrx_word' id='word_1_403' title='bbox 1174 2121 1225 2176; x_wconf 92' lang='lat' dir='ltr'><em>tes</em></span> <span class='ocrx_word' id='word_1_404' title='bbox 1249 2129 1323 2189; x_wconf 83' lang='lat' dir='ltr'><em>non</em></span> <span class='ocrx_word' id='word_1_405' title='bbox 1347 2109 1442 2179; x_wconf 92' lang='lat' dir='ltr'><em>soleo</em></span> <span class='ocrx_word' id='word_1_406' title='bbox 1464 2111 1635 2200; x_wconf 90' lang='lat' dir='ltr'><em>probare,</em></span> <span class='ocrx_word' id='word_1_407' title='bbox 1660 2127 1695 2184; x_wconf 89' lang='lat' dir='ltr'><em>et</em></span> <span class='ocrx_word' id='word_1_408' title='bbox 1709 2115 1819 2184; x_wconf 89' lang='lat' dir='ltr'><em>multa</em></span> <span class='ocrx_word' id='word_1_409' title='bbox 1840 2141 1980 2205; x_wconf 89' lang='lat' dir='ltr'><em>vereor,</em></span> <span class='ocrx_word' id='word_1_410' title='bbox 2006 2123 2072 2194; x_wconf 91' lang='lat' dir='ltr'><em>etsi</em></span> <span class='ocrx_word' id='word_1_411' title='bbox 2087 2150 2166 2196; x_wconf 91' lang='lat' dir='ltr'><em>sum</em></span> 
     </span>
    </p>
   </div>
   <div class='ocr_carea' id='block_1_20' title="bbox 1174 2207 2170 2309">
    <p class='ocr_par' dir='ltr' id='par_1_20' title="bbox 1174 2207 2170 2309">
     <span class='ocr_line' id='line_1_66' title="bbox 1174 2207 2170 2309; baseline 0.021 -31"><span class='ocrx_word' id='word_1_412' title='bbox 1174 2207 1208 2278; x_wconf 90' lang='lat' dir='ltr'><em>ei</em></span> <span class='ocrx_word' id='word_1_413' title='bbox 1223 2209 1370 2283; x_wconf 91' lang='lat' dir='ltr'><em>amicus.</em></span> <span class='ocrx_word' id='word_1_414' title='bbox 1421 2207 1541 2301; x_wconf 86' lang='lat' dir='ltr'><em>Quare</em></span> <span class='ocrx_word' id='word_1_415' title='bbox 1557 2215 1662 2302; x_wconf 89' lang='lat' dir='ltr'><em>scito,</em></span> <span class='ocrx_word' id='word_1_416' title='bbox 1681 2239 1759 2285; x_wconf 90' lang='lat' dir='ltr'><em>non</em></span> <span class='ocrx_word' id='word_1_417' title='bbox 1772 2219 2006 2309; x_wconf 88' lang='lat' dir='ltr'><em>pmbaturum</em></span> <span class='ocrx_word' id='word_1_418' title='bbox 2024 2250 2082 2296; x_wconf 90' lang='lat' dir='ltr'><em>me</em></span> <span class='ocrx_word' id='word_1_419' title='bbox 2096 2251 2170 2299; x_wconf 90' lang='lat' dir='ltr'><em>esse</em></span> 
     </span>
    </p>
   </div>
   <div class='ocr_carea' id='block_1_21' title="bbox 1174 2313 2170 2509">
    <p class='ocr_par' dir='ltr' id='par_1_21' title="bbox 1174 2313 2170 2509">
     <span class='ocr_line' id='line_1_67' title="bbox 1174 2313 2170 2509; baseline 0.024 -132"><span class='ocrx_word' id='word_1_420' title='bbox 1174 2313 1363 2509; x_wconf 54' lang='lat' dir='ltr'><em>{pusilippt</em></span> <span class='ocrx_word' id='word_1_421' title='bbox 1379 2313 1423 2383; x_wconf 91' lang='lat' dir='ltr'><em>de</em></span> <span class='ocrx_word' id='word_1_422' title='bbox 1438 2318 1647 2388; x_wconf 89' lang='lat' dir='ltr'><em>accersendo</em></span> <span class='ocrx_word' id='word_1_423' title='bbox 1663 2313 1810 2408; x_wconf 84' lang='lat' dir='ltr'><em>Alesio,</em></span> <span class='ocrx_word' id='word_1_424' title='bbox 1833 2321 1904 2391; x_wconf 91' lang='lat' dir='ltr'><em>nisi</em></span> <span class='ocrx_word' id='word_1_425' title='bbox 1921 2325 1986 2396; x_wconf 90' lang='lat' dir='ltr'><em>tibi</em></span> <span class='ocrx_word' id='word_1_426' title='bbox 2006 2325 2053 2399; x_wconf 89' lang='lat' dir='ltr'><em>ita</em></span> <span class='ocrx_word' id='word_1_427' title='bbox 2069 2329 2170 2401; x_wconf 88' lang='lat' dir='ltr'><em>vide-</em></span> 
     </span>
     <span class='ocr_line' id='line_1_68' title="bbox 1201 2427 1358 2489; baseline 0.057 -9"><span class='ocrx_word' id='word_1_428' title='bbox 1201 2427 1274 2486; x_wconf 86' lang='lat' dir='ltr'><em>ttur</em></span> <span class='ocrx_word' id='word_1_429' title='bbox 1348 2469 1358 2489; x_wconf 89' lang='lat'><em>.</em></span> 
     </span>
    </p>
   </div>
   <div class='ocr_carea' id='block_1_22' title="bbox 1899 2666 2170 2681">
    <p class='ocr_par' dir='ltr' id='par_1_22' title="bbox 1899 2666 2170 2681">
     <span class='ocr_line' id='line_1_69' title="bbox 1899 2666 2170 2681; baseline 0.026 -8"><span class='ocrx_word' id='word_1_430' title='bbox 1899 2666 2170 2681; x_wconf 78' lang='lat'><em>..---..—-—..-....</em></span> 
     </span>
    </p>
   </div>
   <div class='ocr_carea' id='block_1_23' title="bbox 1174 2805 1368 2881">
    <p class='ocr_par' dir='ltr' id='par_1_23' title="bbox 1174 2805 1368 2881">
     <span class='ocr_line' id='line_1_70' title="bbox 1174 2805 1368 2881; baseline -0.005 -3"><span class='ocrx_word' id='word_1_431' title='bbox 1174 2805 1242 2878; x_wconf 89' lang='lat' dir='ltr'><em>No.</em></span> <span class='ocrx_word' id='word_1_432' title='bbox 1257 2807 1368 2881; x_wconf 76' lang='lat'><em>5529.</em></span> 
     </span>
    </p>
   </div>
   <div class='ocr_carea' id='block_1_24' title="bbox 1183 2903 1354 2932">
    <p class='ocr_par' dir='ltr' id='par_1_24' title="bbox 1183 2903 1354 2932">
     <span class='ocr_line' id='line_1_71' title="bbox 1183 2903 1354 2932; baseline -0.006 0"><span class='ocrx_word' id='word_1_433' title='bbox 1183 2903 1354 2932; x_wconf 58' lang='grc' dir='ltr'>Μ</span> 
     </span>
    </p>
   </div>
   <div class='ocr_carea' id='block_1_25' title="bbox 2009 2823 2160 2893">
    <p class='ocr_par' dir='ltr' id='par_1_25' title="bbox 2009 2823 2160 2893">
     <span class='ocr_line' id='line_1_72' title="bbox 2009 2823 2160 2893; baseline -0.007 0"><span class='ocrx_word' id='word_1_434' title='bbox 2009 2829 2065 2893; x_wconf 76' lang='lat'><em>¹2·</em></span> <span class='ocrx_word' id='word_1_435' title='bbox 2082 2823 2160 2892; x_wconf 82' lang='lat' dir='ltr'><em>Dec.</em></span> 
     </span>
    </p>
   </div>
   <div class='ocr_carea' id='block_1_26' title="bbox 1993 2914 2166 2948">
    <p class='ocr_par' dir='ltr' id='par_1_26' title="bbox 1993 2914 2166 2948">
     <span class='ocr_line' id='line_1_73' title="bbox 1993 2914 2166 2948; baseline 0.023 -3"><span class='ocrx_word' id='word_1_436' title='bbox 1993 2914 2166 2948; x_wconf 56' lang='grc' dir='ltr'>Μ</span> 
     </span>
    </p>
   </div>
   <div class='ocr_carea' id='block_1_27' title="bbox 1445 3013 1897 3130">
    <p class='ocr_par' dir='ltr' id='par_1_27' title="bbox 1445 3013 1897 3130">
     <span class='ocr_line' id='line_1_74' title="bbox 1445 3013 1897 3130; baseline 0.015 -33"><span class='ocrx_word' id='word_1_437' title='bbox 1445 3015 1500 3102; x_wconf 89' lang='grc' dir='ltr'><em>Η.</em></span> <span class='ocrx_word' id='word_1_438' title='bbox 1530 3013 1897 3130; x_wconf 81' lang='lat' dir='ltr'><em>Botemgartnero.</em></span> 
     </span>
    </p>
   </div>
   <div class='ocr_carea' id='block_1_28' title="bbox 1246 3169 2173 3250">
    <p class='ocr_par' dir='ltr' id='par_1_28' title="bbox 1246 3169 2173 3250">
     <span class='ocr_line' id='line_1_75' title="bbox 1246 3169 2173 3250; baseline 0.019 -28"><span class='ocrx_word' id='word_1_439' title='bbox 1246 3169 1331 3242; x_wconf 82' lang='lat' dir='ltr'><em>Epist.</em></span> <span class='ocrx_word' id='word_1_440' title='bbox 1346 3171 1393 3228; x_wconf 89' lang='lat' dir='ltr'><em>lib.</em></span> <span class='ocrx_word' id='word_1_441' title='bbox 1405 3171 1455 3226; x_wconf 88' lang='lat' dir='ltr'><em>Vl.</em></span> <span class='ocrx_word' id='word_1_442' title='bbox 1469 3191 1496 3246; x_wconf 89' lang='lat' dir='ltr'><em>p.</em></span> <span class='ocrx_word' id='word_1_443' title='bbox 1512 3173 1562 3226; x_wconf 86' lang='lat'><em>116</em></span> <span class='ocrx_word' id='word_1_444' title='bbox 1576 3193 1617 3244; x_wconf 81' lang='lat' dir='ltr'><em>sq.</em></span> <span class='ocrx_word' id='word_1_445' title='bbox 1634 3203 1670 3218; x_wconf 88' lang='lat'><em>-·</em></span> <span class='ocrx_word' id='word_1_446' title='bbox 1694 3175 1746 3231; x_wconf 89' lang='lat' dir='ltr'><em>llic</em></span> <span class='ocrx_word' id='word_1_447' title='bbox 1759 3197 1790 3230; x_wconf 83' lang='lat' dir='ltr'><em>er</em></span> <span class='ocrx_word' id='word_1_448' title='bbox 1803 3179 1972 3250; x_wconf 73' lang='lat' dir='ltr'><em>autographo</em></span> <span class='ocrx_word' id='word_1_449' title='bbox 1985 3179 2014 3236; x_wconf 92' lang='lat' dir='ltr'><em>in</em></span> <span class='ocrx_word' id='word_1_450' title='bbox 2029 3182 2093 3238; x_wconf 82' lang='lat' dir='ltr'><em>cod.</em></span> <span class='ocrx_word' id='word_1_451' title='bbox 2106 3184 2173 3240; x_wconf 89' lang='grc' dir='ltr'><em>Μο-</em></span> 
     </span>
    </p>
   </div>
   <div class='ocr_carea' id='block_1_29' title="bbox 1276 3240 2172 3380">
    <p class='ocr_par' dir='ltr' id='par_1_29' title="bbox 1276 3240 2172 3380">
     <span class='ocr_line' id='line_1_76' title="bbox 1276 3240 2172 3320; baseline 0.022 -27"><span class='ocrx_word' id='word_1_452' title='bbox 1276 3258 1335 3294; x_wconf 87' lang='lat' dir='ltr'><em>nac.</em></span> <span class='ocrx_word' id='word_1_453' title='bbox 1350 3240 1370 3294; x_wconf 90' lang='lat' dir='ltr'><em>l.</em></span> <span class='ocrx_word' id='word_1_454' title='bbox 1385 3259 1411 3311; x_wconf 89' lang='lat' dir='ltr'><em>p.</em></span> <span class='ocrx_word' id='word_1_455' title='bbox 1426 3240 1480 3310; x_wconf 76' lang='lat'><em>89,</em></span> <span class='ocrx_word' id='word_1_456' title='bbox 1497 3241 1575 3296; x_wconf 88' lang='lat' dir='ltr'><em>euius</em></span> <span class='ocrx_word' id='word_1_457' title='bbox 1588 3254 1665 3316; x_wconf 80' lang='lat' dir='ltr'><em>tergo</em></span> <span class='ocrx_word' id='word_1_458' title='bbox 1675 3245 1810 3316; x_wconf 81' lang='lat' dir='ltr'><em>adscripta</em></span> <span class='ocrx_word' id='word_1_459' title='bbox 1823 3259 1901 3302; x_wconf 80' lang='lat' dir='ltr'><em>sunts</em></span> <span class='ocrx_word' id='word_1_460' title='bbox 1920 3285 1938 3320; x_wconf 87' lang='lat'>„</span> <span class='ocrx_word' id='word_1_461' title='bbox 1948 3250 2023 3306; x_wconf 72' lang='lat'>1⁵4⁵.</span> <span class='ocrx_word' id='word_1_462' title='bbox 2033 3251 2172 3313; x_wconf 68' lang='lat' dir='ltr'><em>tanco.</em></span> 
     </span>
     <span class='ocr_line' id='line_1_77' title="bbox 1277 3310 1508 3380; baseline 0.013 -18"><span class='ocrx_word' id='word_1_463' title='bbox 1277 3329 1327 3380; x_wconf 91' lang='lat' dir='ltr'><em>per</em></span> <span class='ocrx_word' id='word_1_464' title='bbox 1339 3310 1508 3366; x_wconf 76' lang='lat' dir='ltr'><em>Andreem.”</em></span> 
     </span>
    </p>
   </div>
   <div class='ocr_carea' id='block_1_30' title="bbox 1177 3447 2172 3670">
    <p class='ocr_par' dir='ltr' id='par_1_30' title="bbox 1177 3447 2172 3670">
     <span class='ocr_line' id='line_1_78' title="bbox 1177 3447 2172 3571; baseline 0.021 -43"><span class='ocrx_word' id='word_1_465' title='bbox 1177 3447 1338 3532; x_wconf 85' lang='lat' dir='ltr'><em>Clariss.</em></span> <span class='ocrx_word' id='word_1_466' title='bbox 1365 3459 1515 3532; x_wconf 78' lang='lat' dir='ltr'><em>viro-</em></span> <span class='ocrx_word' id='word_1_467' title='bbox 1542 3459 1598 3540; x_wconf 90' lang='lat' dir='ltr'><em>D.</em></span> <span class='ocrx_word' id='word_1_468' title='bbox 1612 3463 1894 3566; x_wconf 80' lang='lat' dir='ltr'><em>Hieronymo</em></span> <span class='ocrx_word' id='word_1_469' title='bbox 1915 3468 2172 3571; x_wconf 74' lang='lat' dir='ltr'><em>Bomgort-</em></span> 
     </span>
     <span class='ocr_line' id='line_1_79' title="bbox 1400 3563 1950 3670; baseline 0.031 -37"><span class='ocrx_word' id='word_1_470' title='bbox 1400 3587 1527 3654; x_wconf 89' lang='lat' dir='ltr'><em>nero,</em></span> <span class='ocrx_word' id='word_1_471' title='bbox 1551 3563 1728 3638; x_wconf 84' lang='lat' dir='ltr'><em>Senatori</em></span> <span class='ocrx_word' id='word_1_472' title='bbox 1750 3565 1950 3670; x_wconf 74' lang='lat' dir='ltr'><em>Noriberg.</em></span> 
     </span>
    </p>
   </div>
   <div class='ocr_carea' id='block_1_31' title="bbox 1177 3689 2173 4734">
    <p class='ocr_par' dir='ltr' id='par_1_31' title="bbox 1177 3689 2173 4734">
     <span class='ocr_line' id='line_1_80' title="bbox 1177 3689 2171 3814; baseline 0.024 -35"><span class='ocrx_word' id='word_1_473' title='bbox 1177 3689 1222 3779; x_wconf 87' lang='lat' dir='ltr'><em>S.</em></span> <span class='ocrx_word' id='word_1_474' title='bbox 1249 3707 1294 3782; x_wconf 90' lang='lat' dir='ltr'><em>D.</em></span> <span class='ocrx_word' id='word_1_475' title='bbox 1346 3708 1438 3782; x_wconf 89' lang='lat' dir='ltr'><em>Cum</em></span> <span class='ocrx_word' id='word_1_476' title='bbox 1458 3713 1497 3782; x_wconf 92' lang='lat' dir='ltr'><em>iu</em></span> <span class='ocrx_word' id='word_1_477' title='bbox 1520 3711 1684 3808; x_wconf 92' lang='lat' dir='ltr'><em>Imperiis</em></span> <span class='ocrx_word' id='word_1_478' title='bbox 1708 3733 1877 3814; x_wconf 92' lang='lat' dir='ltr'><em>tanquam</em></span> <span class='ocrx_word' id='word_1_479' title='bbox 1898 3723 1938 3791; x_wconf 91' lang='lat' dir='ltr'><em>in</em></span> <span class='ocrx_word' id='word_1_480' title='bbox 1963 3727 2171 3803; x_wconf 88' lang='lat' dir='ltr'><em>turbulento</em></span> 
     </span>
     <span class='ocr_line' id='line_1_81' title="bbox 1178 3807 2173 3919; baseline 0.024 -38"><span class='ocrx_word' id='word_1_481' title='bbox 1178 3807 1333 3904; x_wconf 88' lang='lat' dir='ltr'><em>hospitio</em></span> <span class='ocrx_word' id='word_1_482' title='bbox 1365 3815 1573 3886; x_wconf 88' lang='lat' dir='ltr'><em>collocatam</em></span> <span class='ocrx_word' id='word_1_483' title='bbox 1605 3843 1678 3889; x_wconf 92' lang='lat' dir='ltr'><em>esse</em></span> <span class='ocrx_word' id='word_1_484' title='bbox 1697 3816 1766 3890; x_wconf 91' lang='lat' dir='ltr'><em>Dei</em></span> <span class='ocrx_word' id='word_1_485' title='bbox 1791 3819 1988 3896; x_wconf 87' lang='lat' dir='ltr'><em>Ecclesiam</em></span> <span class='ocrx_word' id='word_1_486' title='bbox 2010 3829 2173 3919; x_wconf 90' lang='lat' dir='ltr'><em>sciamus,</em></span> 
     </span>
     <span class='ocr_line' id='line_1_82' title="bbox 1178 3914 2171 4028; baseline 0.024 -45"><span class='ocrx_word' id='word_1_487' title='bbox 1178 3916 1371 3987; x_wconf 85' lang='lat' dir='ltr'><em>necessaria</em></span> <span class='ocrx_word' id='word_1_488' title='bbox 1386 3917 1492 3988; x_wconf 91' lang='lat' dir='ltr'><em>nobis</em></span> <span class='ocrx_word' id='word_1_489' title='bbox 1505 3914 1737 4014; x_wconf 87' lang='lat' dir='ltr'><em>Philosophia</em></span> <span class='ocrx_word' id='word_1_490' title='bbox 1755 3937 1822 4011; x_wconf 90' lang='lat' dir='ltr'><em>est,</em></span> <span class='ocrx_word' id='word_1_491' title='bbox 1847 3925 2060 4020; x_wconf 82' lang='lat' dir='ltr'><em>intelligere,</em></span> <span class='ocrx_word' id='word_1_492' title='bbox 2080 3959 2171 4028; x_wconf 90' lang='lat' dir='ltr'><strong>quo-</strong></span> 
     </span>
     <span class='ocr_line' id='line_1_83' title="bbox 1178 4019 2171 4116; baseline 0.02 -28"><span class='ocrx_word' id='word_1_493' title='bbox 1178 4021 1286 4090; x_wconf 92' lang='lat' dir='ltr'><em>modo</em></span> <span class='ocrx_word' id='word_1_494' title='bbox 1312 4033 1384 4090; x_wconf 87' lang='lat' dir='ltr'><em>tam</em></span> <span class='ocrx_word' id='word_1_495' title='bbox 1405 4021 1520 4092; x_wconf 89' lang='lat' dir='ltr'><em>tristes</em></span> <span class='ocrx_word' id='word_1_496' title='bbox 1546 4019 1782 4116; x_wconf 79' lang='lat' dir='ltr'><em>Imperiosum</em></span> <span class='ocrx_word' id='word_1_497' title='bbox 1806 4029 2031 4102; x_wconf 79' lang='lat' dir='ltr'><em>confusiones</em></span> <span class='ocrx_word' id='word_1_498' title='bbox 2053 4037 2171 4107; x_wconf 85' lang='lat' dir='ltr'><em>feren-</em></span> 
     </span>
     <span class='ocr_line' id='line_1_84' title="bbox 1179 4122 2170 4224; baseline 0.019 -33"><span class='ocrx_word' id='word_1_499' title='bbox 1179 4123 1243 4192; x_wconf 87' lang='lat' dir='ltr'><em>dae</em></span> <span class='ocrx_word' id='word_1_500' title='bbox 1267 4122 1357 4206; x_wconf 90' lang='lat' dir='ltr'><em>sint,</em></span> <span class='ocrx_word' id='word_1_501' title='bbox 1397 4147 1512 4218; x_wconf 89' lang='lat' dir='ltr'><em>neque</em></span> <span class='ocrx_word' id='word_1_502' title='bbox 1537 4137 1656 4196; x_wconf 90' lang='lat' dir='ltr'><em>tamen</em></span> <span class='ocrx_word' id='word_1_503' title='bbox 1680 4129 1840 4224; x_wconf 85' lang='lat' dir='ltr'><em>deserere</em></span> <span class='ocrx_word' id='word_1_504' title='bbox 1861 4127 2074 4222; x_wconf 85' lang='lat' dir='ltr'><em>Ecclesiam,</em></span> <span class='ocrx_word' id='word_1_505' title='bbox 2090 4161 2094 4179; x_wconf 72' lang='grc'><em>’</em></span> <span class='ocrx_word' id='word_1_506' title='bbox 2108 4143 2170 4211; x_wconf 84' lang='lat' dir='ltr'><em>sed</em></span> 
     </span>
     <span class='ocr_line' id='line_1_85' title="bbox 1178 4227 2171 4319; baseline 0.021 -25"><span class='ocrx_word' id='word_1_507' title='bbox 1178 4248 1243 4295; x_wconf 92' lang='lat' dir='ltr'><em>suo</em></span> <span class='ocrx_word' id='word_1_508' title='bbox 1259 4249 1435 4319; x_wconf 91' lang='lat' dir='ltr'><em>quemque</em></span> <span class='ocrx_word' id='word_1_509' title='bbox 1449 4227 1526 4296; x_wconf 93' lang='lat' dir='ltr'><em>loco</em></span> <span class='ocrx_word' id='word_1_510' title='bbox 1543 4227 1665 4298; x_wconf 90' lang='lat' dir='ltr'><em>iuvare</em></span> <span class='ocrx_word' id='word_1_511' title='bbox 1680 4231 1861 4303; x_wconf 89' lang='lat' dir='ltr'><em>doctrinae</em></span> <span class='ocrx_word' id='word_1_512' title='bbox 1875 4236 1991 4306; x_wconf 88' lang='lat' dir='ltr'><em>studia</em></span> <span class='ocrx_word' id='word_1_513' title='bbox 2008 4252 2041 4308; x_wconf 91' lang='lat' dir='ltr'><em>et</em></span> <span class='ocrx_word' id='word_1_514' title='bbox 2064 4241 2171 4315; x_wconf 88' lang='lat' dir='ltr'><em>disci·</em></span> 
     </span>
     <span class='ocr_line' id='line_1_86' title="bbox 1177 4326 2169 4429; baseline 0.02 -34"><span class='ocrx_word' id='word_1_515' title='bbox 1177 4328 1325 4420; x_wconf 89' lang='lat' dir='ltr'><em>plinam.</em></span> <span class='ocrx_word' id='word_1_516' title='bbox 1381 4326 1460 4398; x_wconf 89' lang='lat' dir='ltr'><em>Etsi</em></span> <span class='ocrx_word' id='word_1_517' title='bbox 1480 4329 1589 4420; x_wconf 76' lang='lat' dir='ltr'><em>igitur</em></span> <span class='ocrx_word' id='word_1_518' title='bbox 1611 4331 1714 4402; x_wconf 90' lang='lat' dir='ltr'><em>multi</em></span> <span class='ocrx_word' id='word_1_519' title='bbox 1739 4348 1822 4406; x_wconf 89' lang='lat' dir='ltr'><em>sunt</em></span> <span class='ocrx_word' id='word_1_520' title='bbox 1850 4335 2002 4429; x_wconf 88' lang='lat' dir='ltr'><em>impetus</em></span> <span class='ocrx_word' id='word_1_521' title='bbox 2029 4337 2169 4415; x_wconf 89' lang='lat' dir='ltr'><em>Princi-</em></span> 
     </span>
     <span class='ocr_line' id='line_1_87' title="bbox 1178 4431 2170 4536; baseline 0.019 -37"><span class='ocrx_word' id='word_1_522' title='bbox 1178 4454 1264 4521; x_wconf 91' lang='lat' dir='ltr'><em>pum</em></span> <span class='ocrx_word' id='word_1_523' title='bbox 1288 4431 1327 4498; x_wconf 90' lang='lat' dir='ltr'><em>in</em></span> <span class='ocrx_word' id='word_1_524' title='bbox 1349 4443 1499 4526; x_wconf 90' lang='lat' dir='ltr'><em>utraque</em></span> <span class='ocrx_word' id='word_1_525' title='bbox 1517 4447 1616 4524; x_wconf 89' lang='lat' dir='ltr'><em>parte</em></span> <span class='ocrx_word' id='word_1_526' title='bbox 1632 4435 1861 4526; x_wconf 88' lang='lat' dir='ltr'><em>deplorandi,</em></span> <span class='ocrx_word' id='word_1_527' title='bbox 1887 4451 2005 4510; x_wconf 88' lang='lat' dir='ltr'><em>tamen</em></span> <span class='ocrx_word' id='word_1_528' title='bbox 2028 4467 2086 4515; x_wconf 91' lang='lat' dir='ltr'><em>eos</em></span> <span class='ocrx_word' id='word_1_529' title='bbox 2109 4434 2170 4536; x_wconf 85' lang='lat' dir='ltr'><em>ita,</em></span> 
     </span>
     <span class='ocr_line' id='line_1_88' title="bbox 1178 4535 2170 4628; baseline 0.019 -26"><span class='ocrx_word' id='word_1_530' title='bbox 1178 4545 1218 4602; x_wconf 94' lang='lat' dir='ltr'><em>ut</em></span> <span class='ocrx_word' id='word_1_531' title='bbox 1242 4545 1489 4624; x_wconf 90' lang='lat' dir='ltr'><em>tempestatum</em></span> <span class='ocrx_word' id='word_1_532' title='bbox 1517 4535 1724 4624; x_wconf 80' lang='lat' dir='ltr'><em>saeviciam,</em></span> <span class='ocrx_word' id='word_1_533' title='bbox 1754 4539 1926 4628; x_wconf 87' lang='lat' dir='ltr'><em>feramus,</em></span> <span class='ocrx_word' id='word_1_534' title='bbox 1959 4567 2000 4613; x_wconf 91' lang='lat' dir='ltr'><em>ac</em></span> <span class='ocrx_word' id='word_1_535' title='bbox 2027 4546 2170 4621; x_wconf 91' lang='lat' dir='ltr'><em>interim</em></span> 
     </span>
     <span class='ocr_line' id='line_1_89' title="bbox 1177 4635 2169 4734; baseline 0.019 -30"><span class='ocrx_word' id='word_1_536' title='bbox 1177 4648 1299 4706; x_wconf 87' lang='lat' dir='ltr'><em>nostro</em></span> <span class='ocrx_word' id='word_1_537' title='bbox 1312 4635 1410 4722; x_wconf 89' lang='lat' dir='ltr'><em>loco,</em></span> <span class='ocrx_word' id='word_1_538' title='bbox 1436 4637 1550 4708; x_wconf 85' lang='lat' dir='ltr'><em>sicubi</em></span> <span class='ocrx_word' id='word_1_539' title='bbox 1565 4653 1616 4710; x_wconf 92' lang='lat' dir='ltr'><em>est</em></span> <span class='ocrx_word' id='word_1_540' title='bbox 1628 4640 1784 4727; x_wconf 89' lang='lat' dir='ltr'><em>occasio,</em></span> <span class='ocrx_word' id='word_1_541' title='bbox 1810 4645 1977 4734; x_wconf 88' lang='lat' dir='ltr'><em>prodesse</em></span> <span class='ocrx_word' id='word_1_542' title='bbox 1991 4643 2169 4724; x_wconf 84' lang='lat' dir='ltr'><em>Ecclesiae</em></span> 
     </span>
    </p>
   </div>
   <div class='ocr_carea' id='block_1_32' title="bbox 1076 4739 2169 4928">
    <p class='ocr_par' dir='ltr' id='par_1_32' title="bbox 1076 4739 2169 4928">
     <span class='ocr_line' id='line_1_90' title="bbox 1076 4739 2169 4834; baseline 0.02 -29"><span class='ocrx_word' id='word_1_543' title='bbox 1076 4767 1083 4783; x_wconf 93' lang='lat'>·</span> <span class='ocrx_word' id='word_1_544' title='bbox 1176 4740 1399 4820; x_wconf 88' lang='lat' dir='ltr'><em>studeamus,</em></span> <span class='ocrx_word' id='word_1_545' title='bbox 1426 4752 1461 4810; x_wconf 90' lang='lat' dir='ltr'><em>et</em></span> <span class='ocrx_word' id='word_1_546' title='bbox 1482 4763 1661 4832; x_wconf 88' lang='lat' dir='ltr'><em>speremus</em></span> <span class='ocrx_word' id='word_1_547' title='bbox 1680 4739 1797 4814; x_wconf 90' lang='lat' dir='ltr'><em>Deum</em></span> <span class='ocrx_word' id='word_1_548' title='bbox 1821 4745 1934 4818; x_wconf 82' lang='lat' dir='ltr'><em>exitus</em></span> <span class='ocrx_word' id='word_1_549' title='bbox 1951 4751 2169 4834; x_wconf 70' lang='lat' dir='ltr'><em>gothematn·</em></span> 
     </span>
     <span class='ocr_line' id='line_1_91' title="bbox 1166 4837 2168 4928; baseline 0.018 -19"><span class='ocrx_word' id='word_1_550' title='bbox 1166 4864 1258 4910; x_wconf 89' lang='lat' dir='ltr'><em>-rum</em></span> <span class='ocrx_word' id='word_1_551' title='bbox 1271 4863 1364 4928; x_wconf 85' lang='lat' dir='ltr'><em>esse,</em></span> <span class='ocrx_word' id='word_1_552' title='bbox 1378 4853 1419 4912; x_wconf 93' lang='lat' dir='ltr'><em>ut</em></span> <span class='ocrx_word' id='word_1_553' title='bbox 1433 4843 1536 4913; x_wconf 85' lang='lat' dir='ltr'><em>toties</em></span> <span class='ocrx_word' id='word_1_554' title='bbox 1551 4867 1674 4916; x_wconf 87' lang='lat' dir='ltr'><em>mones</em></span> <span class='ocrx_word' id='word_1_555' title='bbox 1690 4869 1759 4916; x_wconf 77' lang='lat' dir='ltr'><em>vos</em></span> <span class='ocrx_word' id='word_1_556' title='bbox 1773 4847 1914 4920; x_wconf 86' lang='lat' dir='ltr'><em>divina:</em></span> <span class='ocrx_word' id='word_1_557' title='bbox 1940 4837 2168 4927; x_wconf 81' lang='lat' dir='ltr'><em>Commendo</em></span> 
     </span>
    </p>
   </div>
   <div class='ocr_carea' id='block_1_33' title="bbox 1210 5137 2164 5278">
    <p class='ocr_par' dir='ltr' id='par_1_33' title="bbox 1210 5137 2164 5278">
     <span class='ocr_line' id='line_1_92' title="bbox 1210 5137 2164 5215; baseline 0.015 -24"><span class='ocrx_word' id='word_1_558' title='bbox 1210 5138 1237 5210; x_wconf 83' lang='lat'><em>*)</em></span> <span class='ocrx_word' id='word_1_559' title='bbox 1258 5137 1400 5211; x_wconf 76' lang='lat' dir='ltr'><em>Alhertus,</em></span> <span class='ocrx_word' id='word_1_560' title='bbox 1425 5139 1477 5192; x_wconf 84' lang='lat' dir='ltr'><em>dur</em></span> <span class='ocrx_word' id='word_1_561' title='bbox 1493 5139 1633 5210; x_wconf 81' lang='lat' dir='ltr'><em>Prossiae,</em></span> <span class='ocrx_word' id='word_1_562' title='bbox 1658 5143 1704 5215; x_wconf 91' lang='lat' dir='ltr'><em>qui</em></span> <span class='ocrx_word' id='word_1_563' title='bbox 1723 5144 1750 5198; x_wconf 89' lang='lat' dir='ltr'><em>d.</em></span> <span class='ocrx_word' id='word_1_564' title='bbox 1767 5144 1793 5199; x_wconf 85' lang='lat'><em>8.</em></span> <span class='ocrx_word' id='word_1_565' title='bbox 1811 5153 1838 5198; x_wconf 86' lang='lat' dir='ltr'><em>et</em></span> <span class='ocrx_word' id='word_1_566' title='bbox 1856 5145 1883 5200; x_wconf 88' lang='grc'><em>9.</em></span> <span class='ocrx_word' id='word_1_567' title='bbox 1900 5145 1989 5202; x_wconf 86' lang='lat' dir='ltr'><em>Dchr.</em></span> <span class='ocrx_word' id='word_1_568' title='bbox 2009 5149 2084 5204; x_wconf 76' lang='lat'><em>1546.</em></span> <span class='ocrx_word' id='word_1_569' title='bbox 2103 5151 2164 5205; x_wconf 86' lang='lat' dir='ltr'><em>loe·</em></span> 
     </span>
     <span class='ocr_line' id='line_1_93' title="bbox 1242 5207 1465 5278; baseline 0.004 -17"><span class='ocrx_word' id='word_1_570' title='bbox 1242 5221 1284 5262; x_wconf 87' lang='lat' dir='ltr'><em>rat</em></span> <span class='ocrx_word' id='word_1_571' title='bbox 1299 5207 1465 5278; x_wconf 79' lang='lat' dir='ltr'><em>Vitehcrgae.</em></span> 
     </span>
    </p>
   </div>
   <div class='ocr_carea' id='block_1_34' title="bbox 1210 5307 2167 5385">
    <p class='ocr_par' dir='ltr' id='par_1_34' title="bbox 1210 5307 2167 5385">
     <span class='ocr_line' id='line_1_94' title="bbox 1210 5307 2167 5385; baseline 0.019 -27"><span class='ocrx_word' id='word_1_572' title='bbox 1210 5307 1258 5378; x_wconf 85' lang='grc'><em>**)</em></span> <span class='ocrx_word' id='word_1_573' title='bbox 1286 5307 1345 5361; x_wconf 78' lang='lat' dir='ltr'><em>Alia</em></span> <span class='ocrx_word' id='word_1_574' title='bbox 1365 5325 1460 5362; x_wconf 75' lang='lat' dir='ltr'><em>manus</em></span> <span class='ocrx_word' id='word_1_575' title='bbox 1477 5310 1631 5382; x_wconf 80' lang='lat' dir='ltr'><em>adscripsitt</em></span> <span class='ocrx_word' id='word_1_576' title='bbox 1655 5313 1723 5366; x_wconf 80' lang='lat' dir='ltr'><em>dene</em></span> <span class='ocrx_word' id='word_1_577' title='bbox 1742 5315 1814 5367; x_wconf 84' lang='lat' dir='ltr'><em>vote.</em></span> <span class='ocrx_word' id='word_1_578' title='bbox 1856 5313 1908 5368; x_wconf 86' lang='lat' dir='ltr'><em>Sed</em></span> <span class='ocrx_word' id='word_1_579' title='bbox 1928 5316 2006 5385; x_wconf 82' lang='lat' dir='ltr'><em>epist.</em></span> <span class='ocrx_word' id='word_1_580' title='bbox 2025 5315 2120 5373; x_wconf 85' lang='lat' dir='ltr'><em>finitur</em></span> <span class='ocrx_word' id='word_1_581' title='bbox 2139 5323 2167 5376; x_wconf 88' lang='lat' dir='ltr'><em>in</em></span> 
     </span>
    </p>
   </div>
   <div class='ocr_carea' id='block_1_35' title="bbox 1244 5376 2167 5502">
    <p class='ocr_par' dir='ltr' id='par_1_35' title="bbox 1244 5376 2167 5502">
     <span class='ocr_line' id='line_1_95' title="bbox 1244 5376 2167 5502; baseline 0.018 -73"><span class='ocrx_word' id='word_1_582' title='bbox 1244 5376 1428 5502; x_wconf 49' lang='lat' dir='ltr'><em>zptogpppshps,</em></span> <span class='ocrx_word' id='word_1_583' title='bbox 1454 5379 1530 5450; x_wconf 85' lang='lat' dir='ltr'><em>quod</em></span> <span class='ocrx_word' id='word_1_584' title='bbox 1550 5379 1686 5436; x_wconf 81' lang='lat' dir='ltr'><em>inclusum</em></span> <span class='ocrx_word' id='word_1_585' title='bbox 1705 5379 1789 5436; x_wconf 82' lang='lat' dir='ltr'><em>fuisse</em></span> <span class='ocrx_word' id='word_1_586' title='bbox 1812 5381 1995 5440; x_wconf 82' lang='lat' dir='ltr'><em>videtur·aliis</em></span> <span class='ocrx_word' id='word_1_587' title='bbox 2014 5385 2097 5443; x_wconf 81' lang='lat' dir='ltr'><em>literis</em></span> <span class='ocrx_word' id='word_1_588' title='bbox 2115 5389 2167 5446; x_wconf 83' lang='lat' dir='ltr'><em>Sa·</em></span> 
     </span>
     <span class='ocr_line' id='line_1_96' title="bbox 1277 5467 1430 5501; baseline 0 -1"><span class='ocrx_word' id='word_1_589' title='bbox 1277 5467 1312 5501; x_wconf 91' lang='lat' dir='ltr'><em>no</em></span> <span class='ocrx_word' id='word_1_590' title='bbox 1423 5485 1430 5500; x_wconf 92' lang='lat'><em>.</em></span> 
     </span>
    </p>
   </div>
   <div class='ocr_carea' id='block_1_36' title="bbox 1365 5495 1567 5590">
    <p class='ocr_par' dir='ltr' id='par_1_36' title="bbox 1365 5495 1567 5590">
     <span class='ocr_line' id='line_1_97' title="bbox 1365 5495 1567 5590; baseline 0.015 0"><span class='ocrx_word' id='word_1_591' title='bbox 1365 5514 1444 5590; x_wconf 75' lang='lat' dir='ltr'><em>st*</em></span> <span class='ocrx_word' id='word_1_592' title='bbox 1565 5495 1567 5505; x_wconf 86' lang='lat'>&#39;</span> 
     </span>
    </p>
   </div>
   <div class='ocr_carea' id='block_1_37' title="bbox 0 0 2367 5808">
    <p class='ocr_par' dir='ltr' id='par_1_37' title="bbox 0 0 2367 5808">
     <span class='ocr_line' id='line_1_98' title="bbox 0 0 2367 5808; baseline 0 0"><span class='ocrx_word' id='word_1_593' title='bbox 0 0 2367 5808; x_wconf 95' lang='lat' dir='ltr'><em> </em></span> 
     </span>
    </p>
   </div>
  </div>
 </body>
</html>
