4722 5808
168 359 170 364 ,
190 289 264 364 771

195 461 379 557 quaeritur
393 463 522 532 veritas
546 456 619 528 illis
630 454 762 528 fucosis
778 452 996 536 actionibus,
1021 473 1087 520 nec
1102 469 1189 518 con·

197 565 326 636 sulitur
339 565 429 657 paci.
459 563 557 634 Beue
571 574 605 634 et
622 559 775 630 feliciter
788 557 877 630 vale.
914 552 983 624 Die
997 550 1165 626 Solsticii.

846 737 942 815 Phil.
965 730 1141 812 Melanth.

786 267 1227 354 EPISTOLARDM
1279 261 1387 342 LlB.
1410 261 1476 344 IX.
1529 261 1666 342 1515.

1258 432 1458 534 Magistro
1483 431 1712 509 Mattheo
1738 430 1933 514 Collina
1959 441 1999 513 in
2025 437 2226 514 Academia

1631 533 1848 636 Progressi.
1966 537 1970 545 ’

1243 653 1288 748 S·
1313 672 1360 748 D.
1410 669 1613 744 Clarissime
1623 662 1783 752 Collina.
1835 675 1938 749 Hanc
1953 679 2142 772 epistolam
2159 681 2243 748 scri-

1245 778 1301 871 psi
1323 776 1380 846 die
1395 773 1591 868 Baptistae,
1612 779 1767 869 collegae
1789 780 1920 864 nostri,
1948 781 2010 876 qui
2032 781 2244 854 instauravit

1246 878 1434 969 Evangelii
1455 879 1591 964 lucem,
1632 905 1714 952 cum
1734 881 1829 952 filius
1849 879 1918 954 Dei
1941 907 1978 952 se
2000 884 2117 974 palam
2141 884 2244 953 terris

1247 1007 1287 1054 ac
1309 981 1430 1070 generi
1451 975 1609 1050 humano
1630 986 1841 1058 ostenderet.
1899 981 2109 1075 Cogitabam
2136 985 2245 1074 igitur
2336 991 2337 1000 ’

1248 1083 1406 1176 pericula
1429 1084 1542 1152 nostri
1565 1083 1724 1170 ordinis,
1748 1087 1830 1156 illos
1843 1110 2001 1156 summos
2017 1087 2114 1157 viros
2126 1101 2244 1156 mente

1180 1197 1188 1214 ⁸
1250 1188 1414 1270 intuens,
1447 1208 1486 1254 ac
1516 1210 1572 1254 me
1594 1187 1687 1256 fama
1714 1188 1758 1256 de
1782 1189 1935 1258 discessu
1962 1176 2098 1258 Caroli
2127 1189 2245 1282 quinti

276 1521 295 1587 †
314 1516 352 1569 Er
362 1533 455 1586 apogr.
468 1513 497 1567 in
512 1512 574 1568 cod.
587 1511 673 1568 Paris.
688 1513 724 1568 D.
738 1511 767 1568 l..
782 1510 815 1563 51
822 1512 841 1564 ³.
859 1535 895 1547 -
930 1504 977 1561 Eat
988 1501 1100 1577 epistole
1114 1498 1199 1556 eMe·

313 1585 443 1640 leuthone
457 1583 621 1654 praescripta
634 1581 778 1653 discipulo.

471 1735 683 1812 Reverendo
710 1739 787 1810 0110
811 1731 864 1812 N.
889 1729 941 1811 N·

209 1857 527 1948 Reverendissime
542 1873 696 1945 Domine
713 1885 747 1942 et
763 1886 886 1964 patrue
900 1865 1088 1939 carissime.
1126 1859 1202 1930 To-

211 1994 249 2050 to
265 1993 406 2072 pectore
428 1978 496 2049 tibi
510 1979 637 2067 gratias
651 2001 714 2066 ago
730 1999 794 2066 pro
810 1989 872 2044 tua
886 1985 1032 2062 paterna
1046 1988 1127 2056 erga
1144 1985 1201 2031 me

211 2083 361 2174 pietate,
388 2094 422 2152 et
444 2081 588 2150 annitor
610 2079 710 2148 omni
732 2077 867 2160 studio,
892 2088 932 2144 nt
954 2093 1033 2140 mea
1049 2068 1202 2156 diligen-

211 2185 260 2254 tia
278 2185 316 2252 in
333 2185 500 2254 discendo
518 2196 552 2254 et
567 2174 646 2252 aliis
662 2177 821 2251 honestis
837 2175 961 2248 officiis
975 2187 1056 2243 tuae
1072 2170 1202 2240 volun-

211 2287 275 2357 tati
304 2287 534 2378 respondeat,
572 2308 632 2369 ac,
664 2280 741 2352 Deo
765 2283 893 2364 dante,
933 2273 1132 2370 perficiam,
1161 2281 1202 2340 ut

210 2413 285 2458 non
301 2389 423 2458 fallam
439 2385 714 2480 expectationem
729 2387 773 2454 de
791 2409 847 2453 me
865 2397 974 2452 tuam.

312 2480 432 2561 Multa
455 2485 515 2560 hic
534 2513 629 2560 nova
649 2489 824 2558 feruntur.
874 2481 1021 2553 Certum
1040 2488 1092 2546 est
1106 2471 1205 2544 Tur-

212 2595 305 2664 cicos
329 2594 504 2676 latrones,
537 2593 600 2687 qui
628 2603 714 2660 sunt
739 2588 882 2672 Budas,
915 2582 1103 2676 populatos
1130 2597 1216 2645 esse.

212 2695 378 2791 styriam,
391 2709 425 2765 et
440 2695 571 2764 multos
585 2693 743 2786 captivos
758 2692 929 2761 abductos
940 2675 1205 2770 11200οΕ1101-

212 2811 289 2868 tum
323 2797 498 2868 trucidata
531 2821 614 2868 esse.
672 2789 872 2864 Sadoletus
897 2783 1099 2860 Cardinalis
1131 2783 1203 2850 duo

145 2934 146 2942 ¹
214 2899 345 2992 oppida
366 2912 401 2968 et
425 2899 561 2991 aliquot
581 2920 689 2990 pagos
710 2921 786 2967 nou
808 2892 935 2987 procul
958 2891 1004 2960 ab
1023 2883 1203 2957 Avinione

212 2997 416 3097 iuravit(?)
426 2997 462 3096 *)
479 3001 622 3070 incendi
639 3015 674 3071 et
688 2998 858 3071 trucidari
872 2995 1021 3087 puberes
1036 3001 1071 3059 et
1086 2987 1205 3078 impu-

211 3107 313 3175 beres
328 3117 515 3196 propterea
530 3105 627 3196 quod
640 3100 820 3174 Ecclesiae
842 3101 882 3168 iu
903 3121 942 3166 ca
957 3093 1101 3184 regione
1118 3112 1204 3159 con·

213 3207 356 3278 stitutae
387 3208 529 3276 fueraut
560 3207 606 3275 ad
628 3207 779 3276 formam
800 3199 992 3272 Bernensis
1014 3190 1204 3274 Ecclesiae,

212 3332 303 3404 quae
325 3309 456 3378 dicitur
469 3307 601 3378 sentire
623 3332 703 3378 cum
721 3304 851 3375 nostris
868 3299 1046 3372 Ecclesiis.
1096 3292 1205 3363 Prae-

212 3411 295 3481 fecti
309 3408 453 3480 Turcici
467 3411 668 3480 concedunt
687 3409 727 3476 in
740 3405 898 3495 Ungaria
911 3401 1064 3495 populo,
1089 3409 1130 3466 ut
1141 3419 1206 3462 vo-

215 3529 295 3583 cent
315 3509 477 3582 Pastores
498 3507 739 3581 Ecclesiamm
768 3533 831 3578 suo
857 3505 1010 3585 iudicio,
1045 3512 1080 3570 et
1101 3497 1206 3598 multi

213 3615 481 3708 vocantur‚.qui
497 3638 584 3706 pure
594 3615 722 3684 docent
737 3609 983 3701 Evangelium.
1034 3599 1087 3673 Ac
1103 3623 1206 3692 prae-

212 3717 296 3788 fecti
317 3718 537 3786 securitatem
563 3717 648 3808 ipsis
670 3715 896 3809 promittunt.
954 3707 997 3778 In
1019 3707 1108 3778 urbe
1133 3691 1206 3772 Co-

216 3843 309 3889 rona
327 3819 423 3888 docti
437 3819 505 3887 viri
524 3818 629 3888 etiarn
644 3811 932 3913 typographicam
947 3811 1125 3882 officinam
1148 3807 1206 3874 in-

214 3934 437 4006 struxerunt,
463 3934 497 3991 et
509 3945 606 3990 nunc
623 3923 799 3990 excudunt
813 3941 934 4008 graece
950 3915 1119 4004 scriptum
1135 3907 1205 3979 Ca-

212 4019 442 4107 techismum,
465 4037 507 4094 nt
527 4047 652 4115 puram
668 4019 853 4111 Evangelii
875 4017 1073 4088 doctrinam
1096 4013 1135 4080 in
1150 4011 1206 4078 vi-

214 4127 312 4196 cinas
331 4141 470 4214 gentes,
497 4149 587 4218 quae
611 4148 733 4214 graeca
764 4125 885 4212 lingua
917 4132 1087 4202 utuntur,
1121 4137 1213 4206 pro-·

215 4251 342 4322 pagare
361 4228 510 4320 possint.
562 4225 660 4298 Bene
675 4228 762 4300 vale.
813 4223 881 4295 Die
895 4219 972 4291 Viti
990 4215 1099 4291 1515.

801 4409 956 4482 Praescr.
972 4399 1155 4498 Philippo.

923 4645 1205 4658 -ο--ι--ι--ι

225 4811 294 4885 No.
308 4809 420 4886 3201.

214 4909 424 4941 Μ

1047 4813 1182 4883 2111111.

1030 4907 1202 4935 Μ

580 5017 641 5105 Μ.
673 5014 847 5104 Collina.
941 4994 944 5003 Α

284 5176 363 5248 †Ex
381 5195 476 5250 apogr.
497 5176 527 5231 in
545 5176 608 5234 cod.
627 5175 712 5231 Paris.
731 5175 767 5231 D.
785 5177 816 5232 1..
833 5176 893 5230 54³.

249 5475 281 5542 ⁴¹)
298 5473 426 5528 taranta?
442 5475 583 5530 Fortasse:
600 5475 690 5530 iussit·

1251 1285 1478 1380 Imperatoris
1494 1309 1535 1354 ex
1549 1301 1746 1374 conventu,
1771 1291 1834 1384 qui
1848 1291 1917 1361 fuit
1933 1291 1971 1360 in
1983 1293 2073 1362 urbe
2084 1287 2246 1379 Vangio-
2337 1297 2338 1314 ¹

1251 1415 1355 1474 num,
1381 1402 1421 1459 ut
1438 1382 1525 1457 haec
1541 1391 1710 1460 attentius
1725 1393 1936 1482 cogitarem,
1961 1405 2134 1467 moverat.
2178 1392 2246 1462 Po-

1250 1491 1393 1562 stulavit
1408 1485 1557 1562 Carolus
1573 1491 1783 1584 imperator,
1800 1509 1840 1566 ut
1855 1495 1968 1564 nostri
1985 1495 2247 1588 promitterent,
2338 1539 2339 1546 ,

1250 1618 1287 1664 se
1305 1595 1538 1686 permissuros
1561 1594 1799 1683 cognitionem
1828 1595 1975 1691 Synodo
2002 1597 2248 1680 Tridentinae,

1251 1722 1290 1771 ac
1304 1695 1478 1778 ostendit,
1501 1717 1538 1762 se
1554 1709 1777 1778 curaturum,
1801 1711 1842 1767 111
1857 1722 1912 1768 res
1925 1699 2174 1770 iudicarentur
2188 1722 2249 1790 per

1251 1793 1414 1868 homines
1437 1796 1606 1882 delectos,
1631 1822 1706 1867 non
1728 1823 1791 1889 per
1805 1797 2008 1872 Romanum
2024 1799 2248 1872 Pontificem.

1250 1898 1372 1970 Nostri
1390 1895 1446 1967 his
1464 1899 1645 1990 promissis
1660 1925 1734 1969 non
1749 1901 1826 1972 ausi
1838 1917 1923 1974 sunt
1938 1903 2056 1977 fidere.
2104 1900 2249 1972 Disces-
2339 1931 2340 1958 1

1252 2002 1299 2072 sit
1322 2002 1431 2092 igitur
1454 1997 1543 2092 lmp.
1563 1998 1731 2087 Carolus,
1765 2017 1799 2074 et
1821 2019 2016 2074 conventus
2038 2025 2249 2098 καταστρο-

1252 2099 1329 2200 φὴν
1351 2098 1475 2187 habet,
1501 2116 1542 2173 ut
1556 2105 1682 2190 audio,
1705 2105 1889 2181 incertam.
1941 2105 2012 2178 Sed
2032 2105 2155 2177 Deum
2172 2111 2250 2176 ore-

1252 2229 1351 2292 mus,
1375 2217 1417 2274 ut
1430 2201 1624 2276 Ecclesiam
1637 2206 1705 2276 sibi
1723 2208 1882 2297 colligat,
1908 2222 2022 2279 servet
2039 2223 2074 2280 et
2095 2223 2210 2298 regat.

1354 2303 1462 2376 Hunc
1480 2299 1691 2376 Iohannem
1717 2309 1785 2379 tibi
1806 2313 2028 2381 commendo.
2079 2307 2249 2402 Comperi

1253 2409 1349 2479 enim
1365 2411 1461 2478 hono
1479 2409 1621 2499 ingenio
1638 2411 1838 2502 praeditum
1855 2436 1944 2498 esse,
1970 2427 2004 2482 et
2023 2411 2180 2482 feliciter
2195 2411 2250 2480 di-

1254 2511 1380 2581 dicisse
1401 2535 1484 2580 eum
1506 2535 1562 2581 res
1587 2507 1762 2588 honestas.
1814 2511 1893 2606 lpse
1915 2515 2035 2586 statim
2058 2514 2249 2602 intelliges,

1254 2637 1362 2707 quare
1378 2637 1459 2690 eum
1476 2615 1717 2707 complectere.
1769 2614 1968 2686 Foveamus
1983 2630 2149 2687 nostrum
2173 2638 2250 2706 gre-

1254 2737 1350 2806 gem,
1376 2710 1445 2785 hoc
1471 2729 1523 2786 est
1547 2711 1709 2788 homines
1722 2718 1828 2788 bonis
1847 2719 1998 2808 ingeniis
2012 2718 2198 2809 praeditos
2220 2729 2251 2786 et

1254 2817 1409 2887 excultos
1437 2817 1549 2888 literis
1577 2843 1618 2890 ac
1652 2821 1936 2892 circumferentes
1958 2821 2164 2890 doctrinam
2187 2819 2250 2887 filii

1253 2918 1321 2989 Dei
1344 2943 1383 2988 ac
1403 2920 1638 3006 celebrantes,
1673 2937 1715 2992 nt
1742 2920 1902 3014 Baptista
1933 2923 2153 3007 celebrabat,
2187 2943 2251 2989 nec

1252 3022 1456 3110 frangamur
1477 3023 1624 3109 animis,
1656 3025 1792 3094 etiamsi
1814 3025 1971 3117 pericula
1992 3037 2251 3116 proponantur.

1254 3122 1419 3195 Servahit
1434 3125 1529 3192 enim
1544 3125 1643 3194 Deus
1660 3123 1854 3196 Ecclesiam
1868 3150 1980 3202 suam.
2032 3124 2135 3196 Bene
2152 3139 2188 3195 et
2201 3125 2250 3194 fe-

1254 3226 1369 3295 liciter
1384 3225 1474 3299 vale.
1502 3225 1612 3301 1545.

1259 3429 1518 3440 ...-...---.--....

1256 3568 1321 3643 No.
1339 3568 1452 3644 3202.

1255 3665 1425 3693 m

2095 3578 2159 3644 24.
2172 3570 2240 3637 Iun.

2071 3664 2246 3692 Μ

1520 3766 1705 3884 Georgio
1733 3767 1993 3855 Arctatttno.

1355 3935 1440 4008 1111111.
1456 3933 1545 3990 1111.11.
1560 3953 1587 4006 p.
1603 3935 1662 3990 190.
1681 3933 1757 4004 (edit.
1771 3933 1862 3992 Lond.
1875 3934 1924 3990 lib.
1936 3933 1971 3990 ll.
1986 3952 2029 4006 ep.
2043 3933 2126 4002 180.)-

1393 4089 1447 4164 D.
1476 4087 1677 4187 Georgio
1702 4085 1873 4186 Principi
1898 4091 1938 4161 ia
1963 4086 2111 4162 Anhatt

1255 4222 1298 4313 S·
1324 4239 1370 4314 D.
1422 4238 1669 4310 illustrissime
1704 4237 1891 4330 Princeps,
1941 4238 2025 4311 Scio
2054 4237 2095 4314 C.
2117 4237 2165 4310 V.
2188 4263 2250 4308 sno

1256 4341 1462 4434 gravissimo
1479 4341 1613 4414 iudicio
1629 4343 1745 4411 favere
1760 4343 1942 4411 laboribus
1957 4342 2141 4412 edentium
2158 4343 2251 4412 bona

1257 4446 1397 4536 scripta.
1426 4444 1510 4515 ldeo
1526 4443 1669 4514 brevius
1678 4443 1903 4514 scribendum
1918 4467 1991 4513 esse
2004 4445 2138 4515 censui.
2162 4443 2253 4514 Nul-

1257 4549 1313 4618 lus
1333 4561 1450 4617 autem
1472 4540 1652 4638 Propheta
1676 4558 1748 4614 tam
1771 4546 1930 4617 obscuris
1958 4558 1992 4616 et
2014 4545 2252 4639 praeposteris

1258 4648 1543 4720 enarrationibus
1567 4647 1827 4719 contaminatus
1850 4648 1918 4718 suit
1939 4661 2019 4718 ante
2048 4643 2136 4719 haec
2161 4662 2252 4718 tem·

1258 4776 1363 4844 pora,
1387 4765 1429 4822 ut
1444 4749 1588 4824 Hoseas.
1640 4749 1760 4839 Quare
1782 4749 1909 4820 merito
1929 4750 2181 4837 gratulandum
2204 4762 2253 4817 est

1258 4851 1436 4924 Ecclesiae
1457 4849 1546 4933 Dei,
1571 4855 1668 4945 quod
1689 4877 1786 4923 nunc
1804 4850 1873 4922 Dei
1892 4851 2082 4930 beneficio,
2112 4851 2251 4922 erudita

1259 4971 1294 5026 et
1310 4956 1445 5025 sincera
1462 4954 1705 5047 interpretatio
1722 4955 1847 5024 editur.
1900 4951 2004 5023 Hauc
2019 4955 2161 5044 collegit
2180 4949 2250 5026 Vi-

1258 5067 1318 5128 tes
1342 5051 1627 5150 Noribergensis
1651 5079 1778 5146 magno
1801 5057 1942 5142 labore,
1976 5069 2012 5125 et
2036 5053 2250 5127 Celsitudini

1259 5161 1405 5232 Vestrae
1421 5161 1578 5230 dedicari
1593 5153 1774 5256 10111111),
1799 5158 1937 5252 fuitque
1960 5159 1993 5228 ei
2012 5152 2173 5233 hortator
2196 5159 2248 5225 vir

1259 5328 1468 5341 ——-—

1292 5401 1322 5472 ¹¹¹)
1344 5401 1400 5478 „ln
1420 5399 1537 5454 Boream
1557 5399 1715 5472 prophetam
1736 5401 1773 5456 D.
1797 5395 1910 5452 Martini
1929 5395 2039 5452 lutheri
2064 5395 2198 5451 enarratio
2216 5397 2247 5450 ah

1325 5472 1384 5544 ipso
1404 5469 1433 5524 in
1453 5469 1569 5540 publicis
1582 5468 1746 5524 lectionibus
1759 5468 1857 5524 tradite
1871 5479 1898 5523 et
1911 5479 2004 5539 postea
2017 5468 2172 5538 recognita,
2190 5469 2247 5522 col·
