4704 5804
209 247 287 328 sor
464 209 466 212 ’
789 237 1234 318 umsrouaauu
1285 239 1393 320 cm.
1423 239 1487 314 nc
1540 217 1672 321 roes.

213 423 296 502 usui
311 423 389 494 iore
403 422 547 515 patriae.
597 417 695 490 Bene
716 429 750 488 et
771 389 922 488 feliciter
940 413 1037 504 vale,
1071 415 1128 486 die
1145 417 1207 492 22.
1270 412 1336 491 No.
1351 411 1466 490 2785.
2089 425 2147 492 2⁵.
2163 422 2237 490 Oct

214 526 386 605 Octobris
402 521 443 623 ²).
510 524 647 618 inspice
681 543 811 616 quaeso
827 515 857 618 ³)
892 511 1132 592 Amerbaclsii
1163 514 1207 592 τὸ
1267 516 1478 552 m
2074 514 2248 546 Μ

216 627 448 734 σύγγραμμα
468 624 550 724 περὶ
564 627 707 723 ψυχῆς,
740 645 845 718 quem
867 625 1012 717 quidem
1033 647 1109 693 non
1127 645 1208 692 rno-
1565 599 1612 690 V
1607 605 1670 686 ilo
1705 600 1943 688 ΊῚιθοᾶονο.

215 739 301 809 leste
314 737 389 805 iero
405 733 520 802 dicere
536 753 616 800 suas
632 727 825 798 sententias
841 725 885 796 de
901 728 1007 798 rebus
1021 724 1210 815 ambiguis.
1328 779 1407 836 m,
1428 789 1468 835 a,
1487 799 1550 853 pars
1568 781 1649 836 tutu·
1669 780 1746 852 epist.
1766 784 1794 835 tn
1813 753 1929 840 desecet
1945 791 2026 838 unct
2043 782 2104 840 M„
2122 803 2149 856 p·
2163 783 2207 840 67.
2228 785 2260 839 tn

216 837 289 912 Sed
319 850 456 906 tantum
482 855 664 926 aspergere
685 853 766 932 eum
790 828 936 913 veneni,
976 826 1211 899 contumelia·
1364 849 2260 925 rumpam,1,;„„‚„„„„,„,‚11·P·3„·„,pe,e,303n

215 957 297 1011 'rum
332 952 365 1008 ct
398 936 656 1006 calumniarum
690 932 835 1002 nollem.
871 931 938 1001 etsi
966 926 1038 1000 hoc
1069 951 1211 1023 quoque
1364 919 1431 973 Met.
1452 919 1555 974 ⁰⁰⁰¹⁵¹·
1575 917 1622 974 ¹⁸⁸·
1645 921 1676 1003 ¹²:
1689 919 1710 976 ¹·
1729 939 1757 1001 t·
1773 921 1833 976 ⁵⁸⁵·
1856 953 1892 963 -
1941 921 1993 976 ¹¹5⁰
2012 921 2117 992 integr.
2135 923 2207 978 ectus
2227 940 2262 976 ει

214 1033 344 1138 πρᾴως
366 1036 480 1138 φέρω.
541 1035 618 1128 lpse
640 1035 708 1104 sibi
735 1035 912 1104 bonorum
943 1032 1025 1102 odia
1056 1031 1212 1104 accersit.
1928 1123 1932 1134 Ι

216 1139 265 1216 Et
280 1143 501 1236 resP⁰¹¹deh⁰
519 1163 599 1209 cum
614 1137 680 1208 ‘¹'st
697 1135 867 1228 P¹¹¹⁵⁰¹fl0
1265 1137 1333 1220 Vi
1340 1151 1383 1216 lo
1408 1139 1447 1214 T
1453 1137 1670 1232 heodoro,
1714 1141 1858 1218 docenti
1880 1143 2031 1243 Evang.
2056 1146 2096 1218 in
2118 1143 2263 1220 Eccles.

148 1265 154 1276 ’
675 1263 900 1360 †Philippus
921 1261 1164 1338 Melanthon.”
1661 1242 1861 1342 Noribcrg.

1263 1355 1307 1446 S.
1322 1363 1380 1452 Ἰ).
1431 1376 1579 1461 †Miuo
1605 1383 1692 1449 duas
1718 1383 1888 1472 pagellas,
1922 1384 1962 1452 in
1986 1382 2116 1476 quibus
2136 1405 2264 1475 pauca,

1365 989 1524 1061 apographo
1538 991 1719 1044 vetustissimo
1734 1009 1761 1042 tn
1777 989 1839 1045 eod.
1851 989 1966 1045 Monac.
1979 983 2015 1046 ll'.
2033 1009 2061 1062 p.
2074 991 2134 1048 166.

1265 1495 1300 1549 et
1316 1481 1383 1550 tibi
1400 1495 1501 1550 antea
1519 1497 1620 1568 nota,
1651 1483 1760 1552 recito
1778 1486 1821 1553 de
1838 1485 2063 1575 impositione
2080 1509 2264 1554 manuum.

215 1608 413 1690 Nofflgq
590 1625 596 1638 ·
1056 1605 1205 1677 2200„
1266 1579 1336 1652 Sed
1352 1595 1471 1652 tamen
1487 1585 1670 1674 demagna
1685 1609 1741 1669 re,
1773 1586 1938 1656 videlicet
1962 1591 2005 1654 de
2028 1583 2094 1655 hac
2117 1583 2262 1678 publica

224 1707 397 1742 sea-e
1043 1698 1216 1725 m
1267 1684 1502 1768 dissensione,
1536 1686 1681 1756 intimos
1704 1687 1854 1778 pectoris
1877 1687 1947 1755 mei
1969 1711 2090 1756 sensns
2107 1689 2156 1756 ibi
2175 1711 2263 1778 apc-

577 1771 632 1860 N.
658 1767 862 1855 Medlew.
1266 1785 1342 1869 rio,
1368 1798 1408 1854 ut
1423 1788 1546 1876 aperui
1564 1811 1668 1877 saepe
1682 1787 1777 1860 alias.
1829 1787 1902 1860 Ubi
1923 1789 2049 1878 legeris
2066 1789 2264 1872 rescribito,

288 1941 422 1997 aeota.
436 1935 534 1994 oasa
551 1911 613 2004 voi.
629 1932 661 1989 u.
680 1951 707 2004 p.
720 1925 780 1986 ess.
802 1929 871 1984 sart.
892 1928 1119 2006 trecasenae«.
1140 1931 1168 1985 a.
1190 1933 1217 1988 a.
1267 1888 1579 2008 quiaquantum
1598 1901 1751 2007 mentem
1768 1891 1865 1958 venit
1885 1886 1967 1986 mel
1982 1893 2047 1982 τῆς
2062 1885 2264 1971 ἕωθὲῡέως

325 2008 430 2066 Unsch.
452 2005 550 2061 Necte.
572 2003 648 2056 1739.
666 2003 765 2084 ptos.
787 2011 815 2054 ct
834 2016 922 2070 nuper
941 2018 957 2052 ι
976 1998 1082 2053 nancto
1103 2020 1146 2074 ep.
1163 2003 1217 2072 2³,
1262 2012 1412 2082 χειρων.
1465 1987 1581 2078 Quid,
1611 2015 1641 2058 sc
1665 1991 1775 2060 semel
1799 1993 1842 2059 ad
1868 2016 1933 2060 nos
1957 1993 2190 2083 expatiarere,
2225 2005 2263 2062 et

194 2081 201 2103 ⁴
297 2147 300 2157 .
324 2097 401 2136 ”¹¹⁰⁰
416 2097 445 2132 ‘¹
459 2075 556 2128 ‘⁰⁶⁸⁰'
571 2073 632 2127 ⁶⁰³·
646 2073 789 2142 ΜΨ·
1267 2089 1411 2182 publico
1425 2089 1497 2158 ritu
1514 2093 1609 2183 apud
1626 2115 1691 2160 nos
1708 2092 1893 2162 uterere?''

492 2211 535 2288 Ν
544 2216 612 2284 ,⁰00
621 2209 700 2283 100
724 2205 783 2280 M
786 2233 801 2279 ι
811 2205 864 2278 dl
870 2233 886 2279 ι
897 2233 946 2278 ῃ)
1368 2188 1464 2260 Illud
1479 2193 1596 2286 ipsum
1611 2195 1654 2263 de
1669 2195 1774 2264 rebus
1788 2187 1985 2291 ltalicis*),
2009 2195 2106 2288 quod
2122 2193 2264 2278 accidit,

1267 2293 1478 2362 metuebam.
1534 2293 1696 2390 Sciebam
1729 2289 1909 2366 horridius
1935 2297 2151 2387 scripturum
2176 2287 2264 2362 Lu-

1268 2387 1410 2468 lltcrum
1427 2419 1533 2486 quam
1549 2397 1681 2468 sentit„
1719 2394 1816 2484 Quid
1836 2399 1929 2466 enim
1949 2421 2037 2490 opus
2052 2398 2121 2468 tuit
2138 2397 2263 2486 largiri

1268 2496 1374 2566 etiam
1392 2497 1841 2584 transsubstantiationem,
1871 2523 1962 2592 quac
1978 2513 2031 2569 est
2045 2500 2125 2568 sons
2141 2498 2262 2591 idolo·-

1267 2599 1468 2668 maniarum
1492 2622 1565 2668 uon
1587 2599 1812 2689 vulgarium?
1861 2599 1981 2670 Potest
2001 2615 2119 2670 autem
2142 2599 2181 2667 in
2201 2599 2263 2666 in·-

1267 2699 1390 2770 stituto
1405 2723 1472 2770 usu
1485 2701 1634 2770 retineri
1650 2702 1848 2792 praeseutia
1872 2702 2099 2784 sacramenti,
2127 2699 2262 2770 rationi

1268 2802 1501 2887 conveniens,
1534 2804 1670 2872 etiamsi
1693 2826 1838 2894 prorsus
1856 2803 1916 2872 illa
1937 2804 2168 2872 deliramenta
2190 2803 2263 2871 tol-

1268 2905 1389 2972 lantur
1403 2905 1446 2972 de
1464 2905 1662 2978 abiectione
1678 2908 1796 2996 panis,
1829 2906 1872 2973 de
1887 2905 2085 2976 inclusione
2103 2903 2264 2994 corporis

1268 3019 1436 3097 perpetua
1458 3005 1497 3074 in
1521 3007 1733 3090 accidentia,
1772 3019 1813 3076 ut
1834 3007 1863 3074 si
1888 3007 1982 3096 ligna
2013 3001 2053 3074 in'
2080 3007 2263 3075 fornacem
2309 3018 2313 3033 '
2350 3049 2351 3074 2

1269 3107 1374 3176 missa
1397 3123 1523 3180 essent.
1574 3105 1793 3180 Cohorresco
1820 3109 1958 3200 quoties
1981 3103 2066 3176 haec
2089 3107 2205 3196 cogito
2225 3117 2263 3176 et
2350 3075 2351 3133 l

1269 3209 1402 3298 attingo
1420 3209 1568 3284 invitus.
1619 3210 1754 3292 Miror,
1787 3221 1840 3280 tot
1863 3210 1988 3280 seculis
2010 3203 2174 3278 homines
2194 3209 2262 3276 do-

1270 3324 1344 3380 ctos
1368 3335 1442 3380 non
1462 3312 1629 3404 cogitasse
1650 3313 1842 3380 discrimen
1866 3312 1960 3382 inter
1983 3333 2088 3400 agens
2105 3311 2262 3378 liberum
2349 3359 2350 3377 .

1270 3428 1304 3482 et
1327 3436 1401 3480 rem
1422 3413 1623 3486 animatam.
1673 3407 1836 3484 Christus
1858 3427 2026 3506 tanquam
2049 3434 2155 3501 agens
2171 3411 2264 3479 libc-

1257 3539 1351 3584 -rum
1374 3514 1472 3584 adest
1495 3515 1626 3584 actioni
1648 3515 1846 3599 institutae;
1888 3529 1969 3606 post
1993 3515 2166 3583 actionem
2188 3535 2265 3580 non

1271 3618 1348 3686 vult
1364 3639 1436 3686 csse
1454 3616 1610 3686 inclusus
1627 3617 1732 3708 pani,
1760 3641 1835 3686 non
1858 3618 1936 3686 vult
1956 3615 2008 3685 ibi
2028 3615 2264 3703 sealligatum
2348 3591 2349 3621 ¹

1271 3743 1357 3792 esse.
1410 3716 1458 3788 At
1479 3717 1568 3812 qua'e
1582 3732 1744 3808 portenta
1760 3719 1946 3798 finxerint,
1972 3728 2121 3789 constat.
2170 3712 2264 3785 Cum

1272 3837 1387 3892 autem
1410 3822 1479 3890 late
1501 3833 1712 3910 spargantur
1735 3841 1901 3910 responsa
1917 3811 2096 3902 Dasibari,
2126 3817 2264 3908 perlata
2347 3827 2348 3865 l

1272 3925 1333 3992 illa
1350 3922 1559 3994 sententiola
1576 3924 1614 3990 in
1630 3920 1829 4000 Helvetios,
1864 3923 2030 3990 accendet
2044 3943 2137 3990 nova
2152 3929 2265 3988 certa·

1272 4025 1381 4094 mina.
1436 4021 1478 4090 ld
1508 4024 1641 4092 nollem
1670 4003 1758 4096 iteri.
1814 4022 2011 4092 Foveamus
2039 4020 2266 4092 ecelesiarum

1272 4141 1474 4205 nostrarum
1490 4125 1715 4194 concordiam
1733 4127 2030 4217 qualemcunque,
2061 4136 2095 4192 et
2111 4122 2267 4211 glutine-

1273 4251 1352 4296 mus
1369 4249 1425 4294 eas
1452 4239 1622 4318 quantum
1647 4249 1850 4316 possumus,
1883 4251 1949 4296 nec
1970 4237 2188 4294 ostentemus
2210 4225 2268 4294 in-
2345 4269 2346 4282 2

1273 4329 1443 4398 dustriam
1461 4342 1523 4398 aut
1538 4320 1731 4420 δεινότητα
1752 4328 1791 4398 iu
1807 4328 1978 4417 augendis
1994 4325 2203 4407 discordiis,
2230 4337 2270 4396 ut

1274 4431 1378 4502 multi
1393 4430 1527 4500 faciunt
1541 4421 1613 4521 **).
2084 4503 2086 4508 ,

1375 4529 1522 4612 †Aetas
1544 4523 1629 4600 haec
1650 4545 1701 4601 est
1724 4530 1854 4600 infecta
1878 4530 1957 4598 diro
1981 4551 2120 4597 veneno
2142 4525 2271 4598 Satur-

1275 4633 1381 4702 ninae
1404 4646 1437 4700 et
1451 4629 1602 4700 Martiae
1624 4631 1903 4715 coniunctionis,
1936 4644 1971 4701 et
1992 4641 2159 4722 sequetur
2182 4653 2270 4698 con·
2343 4631 2344 4636 ’

1276 4734 1409 4804 iunctio
1429 4734 1467 4801 in
1481 4734 1639 4824 scorpio,
1672 4756 1761 4825 quac
1786 4727 1873 4802 haec
1897 4731 1990 4802 mala
2013 4733 2124 4822 magis
2146 4731 2271 4802 inccn-

1277 4841 1353 4920 det,
1384 4858 1424 4904 ac
1443 4835 1555 4904 multo
1579 4833 1697 4905 verius
1712 4857 1809 4905 nunc
1824 4860 1930 4927 quam
1947 4831 2095 4904 Homeri
2112 4845 2272 4925 tempore
2299 4828 2303 4841 '

221 2350 267 2439 S.
294 2360 340 2434 D.
393 2353 632 2428 Gravissimae
656 2375 695 2420 ac
720 2347 922 2436 verissimae
947 2369 1069 2416 causae
1093 2347 1218 2416 mode-

220 2464 326 2538 randi
341 2464 457 2532 luctus
473 2453 539 2525 hae
554 2468 653 2534 sunt,
679 2452 774 2544 quod
788 2449 919 2518 scimus
932 2445 1008 2517 Deo
1023 2449 1217 2538 parendum

223 2592 296 2639 esse
309 2560 469 2634 evocanti
483 2579 562 2640 nos,
588 2554 717 2624 deinde
731 2553 828 2644 quod
843 2549 1055 2618 discedimus
1070 2551 1114 2618 ad
1132 2574 1217 2619 con-

224 2667 448 2741 suetudinem
466 2655 602 2729 Christi
626 2669 660 2724 ct
681 2653 847 2723 ecclesiae
872 2664 1030 2744 patrum,
1062 2647 1217 2742 prophe-

223 2787 341 2844 tarum
358 2760 665 2855 etapos'tolorum,
697 2755 863 2849 quodque
882 2767 962 2846 post
977 2753 1142 2843 exiguum
1160 2754 1219 2822 in-

224 2869 413 2945 tervallum
430 2861 559 2934 iterum
577 2860 827 2950 complectetur
843 2877 926 2926 suos
939 2855 1099 2948 quisque.
1143 2853 1218 2924 Has

224 2996 346 3048 causas
375 2992 456 3040 cum
486 2963 681 3054 cogitamus
712 2959 846 3028 lenitur
879 2957 993 3030 dolor.
1051 2956 1123 3029 Sed
1149 2957 1218 3026 alia

224 3097 366 3172 quoque
390 3081 490 3152 sunt,
534 3088 623 3158 quae
643 3063 779 3132 luctum
803 3084 877 3129 non
901 3057 1044 3151 quidem
1067 3057 1219 3143 leniunt,

224 3180 287 3250 sed
310 3169 428 3245 nescio
451 3168 630 3262 quomodo
651 3159 838 3247 hebetant,
870 3160 1035 3230 videlicet
1053 3183 1220 3252 praesen-

225 3282 316 3354 tium
329 3269 556 3346 'miseriacum
581 3279 805 3356 conspectus,
839 3262 1023 3352 dissipatio
1045 3261 1220 3352 reipubli-

226 3405 305 3467 cae,
346 3373 549 3470 principum
576 3369 732 3450 furores,
766 3364 829 3458 qui
860 3365 1018 3458 quotidie
1047 3375 1219 3436 crescunt.

225 3485 323 3556 Hace
349 3502 429 3549 cum
453 3473 589 3563 cogito,
628 3483 725 3538 tanta
758 3465 1004 3555 indignatione
1034 3465 1220 3549 accendor,

227 3603 268 3660 ut
285 3585 390 3656 etiam
406 3575 546 3668 cupiam
563 3596 604 3640 ex
620 3567 686 3640 hac
702 3569 774 3638 vita
794 3567 982 3637 discedere.
1032 3563 1082 3637 Et
1102 3581 1220 3637 tamen

227 3687 386 3760 orandus
406 3693 459 3750 cst
476 3675 591 3752 Deus,
624 3686 666 3741 ut
690 3685 803 3740 seruet
824 3669 962 3762 aliquos
983 3668 1166 3738 doctrinae
1187 3681 1221 3740 et

228 3787 453 3862 ecclesiarum
470 3777 733 3872 gubernatores.
785 3769 857 3842 Sed
877 3771 907 3838 si
924 3793 1012 3864 quos
1027 3769 1166 3856 evocat,
1191 3769 1221 3838 si

228 3887 398 3984 praeripit
423 3878 693 3953 adolescentiam
717 3873 1004 3973 impendentibus
1032 3871 1222 3957 aerumnis,

227 3997 318 4066 bene
341 4013 420 4060 cum
441 3985 513 4054 illis
530 3983 585 4071 agi
602 3979 851 4050 existimemus.
902 3975 961 4047 Sic
978 3989 1012 4045 et
1028 3971 1150 4045 Esaias
1164 3977 1222 4043 in.

230 4095 323 4190 quit:
351 4113 376 4160 a
403 4093 588 4182 conspectu
615 4076 711 4150 muli
732 4073 923 4170 colligitur
941 4075 1077 4156 iustus,
1105 4071 1220 4148 disce·

230 4191 285 4266 dit
304 4193 342 4263 in
358 4213 464 4290 pace,
491 4193 522 4254 ct
540 4181 689 4282 quiescit
708 4177 746 4248 iu
765 4175 880 4248 cubili
892 4201 970 4247 suo.
997 4177 1080 4271 (les.
1098 4203 1127 4250 c.
1143 4173 1222 4272 56.)

228 4297 327 4370 Haec
340 4293 457 4364 subito
473 4287 613 4376 s'cripsi,
648 4307 728 4354 cum
752 4283 795 4349 de
818 4293 960 4349 tuorum
982 4279 1221 4370 periculisco·

231 4402 378 4493 gitarem
409 4405 590 4485 propterea
624 4385 719 4478 quod
746 4382 961 4475 suspiciones
984 4381 1067 4449 satis
1090 4391 1223 4450 atroces

71 4551 76 4556 ·
231 4507 270 4574 in
294 4497 405 4570 literis
429 4493 500 4564 tuis
522 4488 791 4578 significaveras.
843 4481 883 4554 si
900 4507 919 4551 a
934 4481 1132 4574 pestilentia
1149 4505 1224 4552 non

132 4581 136 4586 Ι
232 4617 285 4675 cst
299 4597 496 4695 periculum
514 4593 606 4683 apud
626 4611 705 4671 vos,
738 4587 850 4654 filium
873 4585 1002 4654 accersi
1018 4609 1037 4652 a
1054 4597 1087 4653 tc
1105 4584 1224 4656 velim.

227 4705 413 4778 Hactenus
426 4721 506 4768 cum
523 4689 672 4774 retinui,
704 4701 743 4756 ut
756 4686 855 4780 prius
868 4687 1071 4756 audiremus
1087 4701 1121 4756 et
1137 4686 1223 4778 quid

232 4808 310 4881 lieri
326 4801 414 4874 velis
431 4812 466 4869 et
482 4797 569 4890 quid
585 4807 742 4882 tempora
758 4787 949 4880 patiantur.
1001 4785 1097 4858 Deus
1112 4803 1225 4859 aeter-

231 4933 301 4984 nus
314 4920 413 5003 pater
428 4898 564 4970 domini
581 4893 699 4966 nostri
711 4887 739 4964 l.
756 4889 796 4962 C.
814 4903 865 4975 te,
896 4901 930 4960 et
945 4905 1025 4962 tuos
1040 4904 1155 4962 servet
1168 4891 1226 4960 iu-

233 5015 402 5087 columes.
450 5003 512 5075 22.
528 4994 677 5070 Octobr.
698 4989 806 5066 tota.
1276 5021 1482 5038 ---——-

239 5177 463 5213 --·.···
1312 5133 1342 5206 Ιἲ)
1362 5132 1414 5214 tite
1432 5129 1529 5212 incipit
1546 5127 1659 5212 epiftola
1674 5130 1701 5184 lu
1718 5092 1794 5186 libris
1807 5129 1894 5184 editis.
1910 5157 1946 5216 .-
1983 5127 2128 5212 Epistolaa
2141 5127 2272 5182 fratribus

260 5281 296 5356 Ὦ)
317 5285 378 5340 Atta
394 5297 489 5337 manus
503 5267 662 5344 adscripsil:
680 5287 754 5322 anno
769 5266 845 5324 1548.
1223 5313 1225 5321 .
1347 5202 1494 5326 llllilst's'tl.
1506 5197 2272 5340 lldlllllll'.lli.Lp¹.ulllllmli⁸eesrplgls¹sidellitlleli'iS‘Siku‘s'd:

270 5373 298 5440 g)
317 5369 425 5436 pupi„
440 5365 609 5432 quassastis.
628 5363 655 5406 et
670 5363 920 5423 quaeseqnuotur,
935 5351 1152 5410 Saubertusnou
1167 5355 1228 5410 edi·
1346 5336 1716 5434 ΕΡΡῙᾶΛάώᾸυῬῙῙξῃῗ·
1744 5417 1785 5434 Η
1895 5420 1901 5432 ,

303 5440 352 5494 dit·
753 5475 758 5490 1
1010 5467 1014 5480 ,
1313 5421 1361 5490 **)
1380 5422 1432 5475 tue
1446 5420 1544 5474 deamat
1555 5428 1631 5486 epist.
1644 5437 1673 5471 m
1688 5417 1765 5472 ltbru
1778 5436 1927 5490 impressas.
