4722 5808
215 191 293 320 sss
789 234 1224 318 urrsrounnun
1281 227 1390 317 tto.
1423 232 1488 320 nt.
1543 229 1675 354 tots.
1725 333 1728 340 ,
2186 243 2266 326 sss

215 444 318 516 posse
341 418 422 488 illas
443 439 500 486 res
523 439 590 486 nec
614 439 715 508 posse
738 394 892 510 pretium
915 415 1063 490 solvere.
1115 413 1158 486 ld
1181 414 1211 485 si
1267 409 1491 488 Venerando
1508 412 1603 504 ciro,
1623 413 1828 490 eruditione
1845 427 1879 490 st
1892 413 2265 520 pietatopraestanti,

218 525 268 596 ita
284 528 356 608 est,¹
367 521 496 591 rectius
508 519 650 606 faceret,
675 519 704 588 si
719 544 865 612 prorsus
879 520 1011 591 relictis
1030 520 1213 612 illisprae-
1263 513 1319 592 D.
1344 511 1433 587 Fri
1440 513 1592 590 deriso
1614 517 1813 616 Myconi
1819 545 1859 609 o,
1892 517 2049 595 Pastori
2071 523 2265 598 Ecclesiae

42 2149 46 2162 '
113 2195 119 2204 1
223 2173 420 2254 nasson.

209 627 290 700 niis
309 623 440 695 rediret
464 622 503 690 in
520 619 732 714 Turingiam
755 624 800 692 ad
824 637 990 712 cognatos
1013 637 1047 693 et
1069 623 1213 693 adfines.

221 728 314 800 Nam
332 729 362 798 si
376 739 510 818 sperat,
536 739 702 816 cognatos
718 740 780 796 aut
795 726 929 796 adfines
942 751 1008 819 pro
1024 726 1099 816 ipsa
1117 726 1215 795 solu-

222 847 322 902 turos
339 853 429 912 esse‚
453 841 527 898 tota
543 829 600 898 via
615 841 726 904 errat:
748 869 751 872 ·
769 825 818 899 Et
834 829 947 921 ipsam
963 829 1089 898 stultae
1103 852 1143 898 ac
1156 830 1215 897 fu·

221 934 336 1006 riosae
358 930 592 1020 obligationes
617 931 686 1001 viri
709 926 803 1000 nihil
824 933 994 1022 obligant.
1053 927 1217 1002 Obsecro

222 1059 304 1115 vos,
331 1037 412 1104 date
428 1035 460 1102 ei
477 1057 515 1102 re
529 1034 649 1104 audita
667 1034 867 1107 consilium.
918 1033 1036 1118 Utile,
1061 1046 1095 1102 et
1110 1035 1215 1102 credo

221 1137 452 1210 utilissimum
470 1137 503 1206 ei
520 1160 604 1221 esse,
628 1137 830 1228 relinquere
846 1137 909 1205 illa
924 1137 1030 1221 bona,
1053 1160 1118 1227 pro
1135 1135 1216 1230 qui-

222 1242 290 1311 bus
305 1263 380 1309 non
397 1251 513 1332 potest
526 1241 662 1308 solvere
675 1239 841 1330 pretium.
879 1236 934 1308 De
946 1239 1018 1308 filia
1036 1261 1216 1307 commen-

224 1343 340 1412 danda
357 1341 500 1432 coniugi
522 1343 710 1411 reverendi
724 1338 769 1415 D.
784 1339 949 1412 Doctoris
963 1335 1139 1409 Martini
1158 1341 1217 1408 ni-

224 1439 279 1516 hil
300 1445 365 1536 egi.
417 1441 509 1514 Nam
532 1467 595 1534 ego
627 1468 709 1513 eum
732 1465 879 1514 onerare
897 1469 971 1513 non
994 1443 1088 1515 volo
1138 1439 1215 1532 Ego

224 1547 255 1616 si
277 1548 323 1616 de
342 1569 422 1616 meo
445 1547 577 1616 servire
598 1569 742 1638 possum
762 1547 905 1616 mulieri
928 1560 992 1617 aut
1016 1546 1129 1629 filiae,
1163 1547 1217 1614 fa-

225 1649 333 1734 ciam,
358 1673 424 1718 ncc
439 1672 636 1718 recusarem
652 1672 728 1716 eam
743 1649 917 1742 recipere,
944 1650 975 1718 si
990 1649 1035 1718 ad
1050 1672 1107 1717 me
1131 1647 1220 1718 mit-1

224 1765 324 1826 teret.
372 1748 471 1820 Bene
485 1752 574 1826 vale.
624 1747 693 1820 Die
710 1753 826 1842 primo
842 1751 1064 1823 Novembris.

1024 1851 1065 1926 P.
1087 1850 1140 1921 M.

224 2056 538 2068 -..-—-—-—.--.-.
546 2057 674 2065 .-..-.
680 2057 728 2074 ...-
735 2056 969 2065 .....-...-..-.--..-.-
977 2058 983 2063 .
991 2057 1049 2064 .....-.
1058 2057 1111 2064 ...-

1087 2193 1121 2252 2.
1135 2181 1214 2247 Nor.

231 2271 404 2304 Μ
1074 2276 1215 2302 Μ

546 2357 596 2448 Ρ.
624 2358 896 2449 Medmanno.

293 2539 372 2598 Edita
392 2539 422 2595 in
439 2537 469 2598 S.
487 2539 562 2596 Abb.
581 2537 739 2596 Gabbemae
757 2539 836 2613 epist.
855 2540 956 2596 claror.
977 2540 1060 2598 viror.
1078 2559 1105 2613 p.
1120 2543 1163 2600 80.

360 2691 426 2768 Ad
446 2694 502 2772 D.
528 2689 714 2768 Petrum
740 2691 1086 2776 Medmannum.

222 2807 310 2902 Deo
325 2845 469 2904 aeterno
485 2831 584 2904 Patri
598 2830 747 2904 Domini
761 2834 875 2904 nostri
891 2832 970 2904 lesu
983 2830 1118 2906 Christi
1134 2859 1214 2925 gra-

221 2934 289 3005 tias
303 2959 388 3026 ago,
413 2937 510 3030 quod
525 2959 683 3029 repressa
696 2934 861 3030 Lycaone
873 2933 1049 3007 Ecclesias
1065 2953 1100 3008 et
1115 2937 1215 3009 Poli-

221 3037 288 3108 tias
317 3033 445 3108 harum
472 3039 658 3129 regionum
688 3039 856 3110 defendit.
921 3037 1067 3110 Utinam
1094 3054 1213 3111 autem

1341 617 1421 690 Dei
1442 619 1481 690 in
1497 620 1632 722 oppido
1649 621 1800 709 Gotho,
1828 625 2025 698 carissimo
2039 625 2185 729 fratri,

1265 765 1309 861 S.
1335 786 1380 862 D.
1414 785 1605 859 Carissime
1621 771 1813 877 Fridcrice‚
1839 807 1985 886 propter
1997 797 2099 866 urbis
2113 811 2266 880 vestrae,

1267 915 1357 983 quae
1376 906 1468 960 certe
1482 905 1534 962 est
1550 887 1745 984 hospitium
1754 891 1933 966 Ecclesiae
1944 893 2025 982 Dei,
2046 898 2264 992 etPraesepe

1267 991 1421 1076 Christi,
1445 995 1672 1080 incendium,
1695 1020 1825 1086 magno
1848 1000 1971 1070 dolore
1991 1002 2137 1076 afficior.
2188 1001 2263 1074 Sed

1268 1110 1425 1166 sustento
1449 1122 1505 1165 me
1526 1098 1739 1188 cogitatione
1762 1101 1958 1172 voluntatis
1977 1099 2064 1188 Dei,
2097 1103 2161 1198 qui
2181 1105 2264 1174 vult

1268 1197 1463 1269 Ecclesiam
1482 1197 1641 1281 †suam”
1651 1197 1677 1296 ¹)
1701 1201 1893 1273 subiectam
1913 1227 1986 1273 esse
2009 1207 2121 1274 cruci:
2148 1220 2182 1276 et
2203 1220 2259 1276 ta-

1269 1325 1351 1370 men
1367 1327 1441 1370 eam
1458 1317 1574 1372 servat
1590 1303 1813 1378 mirabiliter.
1871 1303 1976 1376 Nunc
1992 1320 2106 1376 totum
2119 1331 2263 1400 corpus,

1268 1405 1304 1472 id
1324 1419 1375 1474 est
1390 1405 1571 1475 universas
1590 1403 1738 1476 Politias
1755 1421 1790 1476 et
1804 1404 1981 1478 Ecclesias
2000 1405 2125 1480 harum
2143 1410 2263 1501 regio-

1269 1531 1357 1576 num
1374 1508 1564 1577 clementer
1580 1509 1758 1592 defendit,
1782 1533 1942 1600 represso
1960 1525 2113 1606 tyranno
2131 1507 2263 1582 Brun-

1268 1606 1436 1682 suicensi.
1488 1608 1530 1680 ld
1552 1611 1763 1680 beneficium
1792 1613 1882 1702 grati
1908 1614 2137 1689 celebremus.
2190 1615 2263 1686 Sed

1268 1737 1314 1780 ne
1331 1712 1464 1782 laetitia
1481 1713 1689 1797 efferamur,
1715 1737 1838 1784 rursus
1859 1717 2020 1806 castigari
2037 1731 2171 1808 partem
2194 1717 2263 1786 ali-

1270 1839 1375 1906 quam
1386 1809 1416 1903 ²)
1438 1813 1542 1896 sinit,
1568 1839 1616 1884 nc
1628 1815 1741 1884 securi
1758 1830 1792 1886 et
1806 1840 1928 1906 segnes
1949 1819 2055 1888 nobis
2073 1819 2263 1908 indulgea-

1268 1940 1359 1990 mus.
1410 1914 1508 1986 Haec
1530 1920 1575 1987 ad
1594 1919 1752 2008 regulam
1776 1921 2009 1991 conveniunt:
2041 1918 2200 1991 visitabo
2219 1919 2264 1990 in

1160 2055 1202 2062 —-
1270 2015 1376 2112 virgo
1400 2015 1615 2115 iniquitates
1645 2043 1790 2096 aornim
1823 2018 2114 2092 miscricordiam
2136 2032 2263 2092 autem

1231 2174 1237 2190 .
1269 2145 1387 2190 meam
1412 2145 1486 2190 non
1504 2115 1714 2216 dispergam
1735 2121 1783 2191 ab
1806 2121 1869 2192 eis.
1918 2122 1995 2194 Hac
2017 2127 2264 2198 consolatione

1268 2237 1302 2294 te
1318 2238 1353 2294 ct
1365 2223 1559 2296 Ecclesiam
1578 2238 1674 2294 tuam
1691 2225 1834 2314 erigito‚
1860 2239 1895 2296 et
1909 2251 2052 2297 oremus
2064 2225 2194 2315 Deum,
2220 2244 2264 2302 ut

1268 2351 1343 2395 non
1359 2328 1526 2397 accendat
1541 2341 1652 2398 totam
1672 2328 1761 2396 ir'am
1776 2351 1893 2414 suam,
1918 2331 1978 2398 sed
1995 2330 2104 2400 inira
2120 2331 2264 2401 miseri·-

1268 2429 1409 2498 cordiae
1424 2453 1507 2498 suae
1522 2429 1738 2514 recordetur,
1760 2445 1905 2522 propter
1918 2428 2054 2503 Filium
2068 2457 2171 2504 suum
2185 2432 2263 2504 Do-

1268 2533 1406 2602 minum
1421 2521 1583 2602 nostrum
1600 2530 1714 2600 lesum
1731 2527 1931 2620 Christum3
1954 2547 1994 2604 ut
2015 2549 2202 2606 serventur
2220 2538 2263 2606 in

1267 2629 1324 2702 his
1349 2635 1556 2726 regionibus
1576 2634 1748 2728 reliquiae
1772 2631 1967 2716 Ecclesiae,
1994 2651 2030 2706 et
2047 2662 2123 2708 non
2145 2638 2265 2710 extin-

1267 2749 1395 2825 guatur
1411 2737 1473 2806 lux
1488 2761 1591 2806 verae
1608 2737 1801 2814 doctrinae.
1837 2734 1873 2808 Ο
1886 2735 1957 2807 Fili
1970 2737 2038 2808 Dei
2054 2737 2135 2810 lesu
2149 2736 2264 2811 Chri·

1267 2852 1337 2924 ste,
1363 2840 1525 2909 crucifixe
1547 2864 1612 2929 pro
1643 2839 1748 2908 nobis
1771 2851 1805 2909 et
1833 2864 1912 2910 resu
1933 2841 2055 2927 citate,
2087 2834 2175 2942 ldye
2195 2837 2263 2914 zat

1266 2936 1377 3012 εἰκών
1391 2937 1518 3014 olt'ds'ov
1532 2936 1689 3038 πατρὸς,
1717 2943 1780 3035 qui
1803 2942 1896 3036 iram
1908 2865 1977 3014 hei
1991 2944 2173 3035 ingentem
2194 2948 2262 3015 ad-

1265 3069 1386 3114 versus
1409 3061 1530 3116 nostra
1552 3057 1692 3136 peccata
1714 3045 1754 3112 in
1776 3057 1809 3114 te
1826 3046 2013 3132 derivasti,
2038 3061 2074 3118 et
2096 3071 2132 3118 es
2147 3049 2262 3119 factus

221 3154 368 3212 eventus
394 3141 500 3224 ctiam
525 3135 605 3211 aliis
631 3139 789 3232 pericula
819 3141 967 3230 mitiget.
1018 3137 1116 3211 Mihi
1137 3169 1212 3214 non
1264 3147 1486 3238 propitiator,
1511 3148 1677 3217 miserere
1694 3147 1807 3216 nostri
1824 3160 1858 3215 et
1876 3148 2053 3218 intercede
2069 3175 2135 3242 pro
2153 3151 2262 3220 nobis

221 3256 305 3312 sunt
333 3255 419 3313 nota
444 3243 650 3336 principum
674 3243 840 3314 consilia:
874 3241 923 3314 Et
947 3267 1132 3338 nunquam
1158 3247 1211 3316 fui
1264 3253 1357 3339 apud
1374 3264 1555 3319 aeternum
1573 3249 1729 3318 Patrem:
1755 3272 1834 3342 rege
1849 3263 1884 3320 et
1902 3275 2003 3320 serva
2019 3249 2094 3327 isos.
2145 3249 2260 3324 llatae

220 3367 343 3414 suasor
358 3346 541 3430 sumendi,
565 3345 636 3414 nisi
651 3368 790 3416 necesse
806 3357 907 3429 esset,
930 3347 1020 3418 sicut
1035 3347 1154 3417 iudico
1171 3349 1209 3418 in
1262 3351 1298 3424 6.
1315 3349 1537 3422 Novembris.
1586 3349 1684 3420 Bene
1705 3352 1783 3420 vale
1798 3365 1832 3422 et
1848 3350 2049 3448 rescribe³).

219 3447 445 3538 reprimendo
467 3445 633 3542 Lycaone
655 3471 738 3517 vere
765 3447 995 3517 necessariam
1018 3464 1053 3521 et
1079 3449 1209 3520 iustam

219 3550 461 3620 defensionem
490 3563 686 3643 susceptam
715 3573 799 3620 esse.
848 3542 1053 3622 Francisco
1084 3548 1128 3624 V
1123 3549 1208 3620 ina-

221 3647 336 3721 riensi
354 3653 497 3745 scripsi,
529 3665 570 3724 ut
591 3653 740 3744 petiisti,
772 3675 837 3722 nec
862 3652 1046 3742 obsignavi
1062 3655 1207 3725 litteras.

219 3751 340 3842 Quare
361 3755 461 3845 prius
486 3777 542 3825 eas
565 3755 689 3845 legito:
722 3768 773 3840 et,
795 3755 826 3824 si
845 3755 1045 3842 videbitur,
1069 3753 1206 3832 exhibe.

216 3853 434 3947 Magnopere
459 3869 493 3926 te
515 3881 597 3943 oro,
622 3856 802 3946 ‘significes
823 3851 915 3924 mihi
939 3881 1001 3948 per
1020 3854 1116 3930 hunc
1138 3885 1206 3930 no-

215 3971 329 4030 strum
345 3959 591 4044 tabellarium,
624 3984 714 4053 quae
731 3959 776 4031 sit
792 3958 914 4052 opinio
929 3961 1145 4050 prudentum
1161 3965 1205 4032 de

216 4073 412 4147 conventu,
445 4061 507 4155 qui
535 4059 754 4136 Ratisbonae
783 4085 903 4130 mense
928 4059 1118 4134 Decembri
1147 4065 1205 4134 in-

216 4157 398 4234 choandus
414 4164 608 4236 dicebatur.
658 4163 768 4235 Mitto
783 4162 851 4234 tibi
865 4164 1124 4236 oratiunculam
1138 4162 1205 4236 ha-

214 4265 344 4353 bitam,
378 4291 459 4337 cum
483 4289 599 4358 nuper
628 4261 686 4337 hic
713 4289 814 4336 esses.
871 4263 969 4336 Bene
994 4282 1028 4339 et
1055 4269 1205 4342 feliciter

213 4367 304 4437 vale.
355 4369 413 4439 die
438 4367 484 4439 ΙΙ.
497 4367 633 4440 Novbr.
682 4365 880 4461 Epistolam
897 4369 996 4438 illam
1013 4385 1166 4442 veterem
1183 4397 1203 4442 a

212 4483 248 4539 te
263 4469 446 4563 scriptam,
472 4471 573 4543 cuius
587 4467 647 4542 hic
660 4471 877 4543 mentionem
892 4471 1062 4560 faciebas,
1088 4499 1204 4568 nuper

212 4571 341 4664 accepi.

664 4670 855 4770 Philippus
876 4665 1102 4750 Melahthon.

206 4873 428 4888 ρ--ι--ιιι-η-
438 4874 506 4882 ..u-..-

205 4999 274 5074 No.
289 4997 401 5073 8308.

204 5096 415 5127 m
530 5099 536 5107 “

561 5197 611 5284 E
636 5197 848 5309 Mycono.

513 4873 744 4884 ..η-...ψ-
748 4875 1088 4887 -ι--ι--ι-ικ...-..-,,..,-
1092 4881 1117 4886 -.
1127 4881 1198 4888 ...ι-..-

1032 5009 1203 5128 sce

269 5373 546 5516 Esgta43b8nsgassio
564 5395 607 5450 ep.
625 5375 670 5434 63.
691 5373 797 5432 contuli
811 5374 920 5472 -Apogn
940 5374 969 5432 in
988 5377 1052 5436 cod.
1068 5378 1164 5435 Mebn.
1179 5380 1198 5436 l.

1761 3511 1951 3613 Philippus
1977 3511 2207 3618 Melantbon.

1647 3755 1672 3762 *—
1694 3755 1718 3761 -ο
1724 3753 1882 3764 -οο-*ὰ-
1891 3757 1934 3764 ιιι-
1941 3751 2255 3764 -u--u--n-nb--n-

1269 3915 1336 3990 No.
1352 3916 1462 3990 3309.

1264 4017 1475 4050 m

1536 4115 1683 4202 Ioacfc.
1711 4113 1972 4203 Camerario.
2067 4121 2072 4130 ’

1325 4291 1728 4434 circaeam-sa
1741 4292 2254 4432 a.<.ae:r¹·aa·nan

1358 4451 1441 4485 manu
1458 4431 1627 4503 adscriptum
1645 4441 1702 4485 est:
1731 4432 1920 4500 Meiendurgo.

2098 3931 2131 3992 9.
2149 3919 2230 3987 Nor.

1257 4621 1456 4634 ---——-—

1292 4765 1317 4834 l)
1336 4761 1421 4817 Addit
1441 4758 1504 4814 cod.
1525 4759 1620 4817 Mebn.

1290 4863 1319 4934 2)
1337 4865 1476 4931 aliquam]
1496 4862 1557 4916 eod.
1577 4863 1671 4919 Mebn.
1691 4863 1839 4935 obliquam.

1291 4962 1319 5032 8)
1339 4961 1403 5014 ”Ad
1422 4961 1573 5034 marginem
1598 4959 1677 5014 huius
1697 4962 1827 5032 epistolae
1844 4961 1993 5034 Myconius
2017 4981 2066 5016 sna
2082 4981 2168 5016 manu
2186 4965 2249 5022 baec

1325 5032 1466 5102 sequentia
1490 5030 1647 5101 adscripsit:
1685 5032 1786 5102 ‚„,qui
1810 5033 1875 5085 mibi
1901 5032 1948 5086 bas
1973 5031 2065 5086 literas
2090 5033 2248 5102 attulerunt,

1324 5103 1493 5156 referebant:
1516 5099 1590 5153 hune
1609 5099 1636 5153 S.
1656 5098 1751 5154 Virum
1771 5099 1982 5173 confessorem,
2007 5101 2159 5155 Dominum
2181 5105 2247 5158 Pbi·
2351 5099 2352 5116 ³

1325 5171 1450 5242 lippum,
1478 5169 1571 5224 audito
1601 5167 1680 5221 huius
1712 5171 1786 5224 urbis
1816 5171 1961 5234 incendio,
1988 5169 2191 5242 illacrymasse,
2222 5185 2247 5228 et

1324 5249 1384 5313 post
1409 5241 1541 5310 lacrymas
1566 5237 1633 5292 baec
1657 5239 1806 5362 scripsisse.
1842 5239 1928 5294 Valde
1951 5241 2024 5294 enim
2050 5239 2121 5294 bane
2146 5245 2243 5296 urbem

1322 5319 1434 5391 propter
1447 5309 1587 5362 ecclesiam
1607 5319 1633 5360 et
1651 5307 1715 5361 sebo
1727 5329 1770 5361 am
1790 5331 1821 5365 ae
1838 5309 1978 5364 ministros
1997 5307 2089 5362 fideles
2108 5309 2243 5380 diligebat.
2351 5345 2352 5350 =

1321 5383 1396 5433 Arsit
1421 5377 1510 5431 Gotba
1534 5395 1606 5430 anno
1635 5377 1710 5432 154⁵.
1736 5378 1831 5432 ultima
1851 5377 1998 5442 Octobris,
2031 5387 2057 5431 et
2081 5377 2133 5432 fuit
2153 5379 2242 5434 triduo

1321 5447 1458 5503 silentium
1477 5449 1505 5502 in
1525 5445 1646 5502 ecclesiis
1664 5455 1691 5500 et
1708 5447 1862 5524 schola.„”
1904 5449 1986 5518 (Nota
2004 5446 2178 5518 Snsgosss's'.)

1213 5728 1323 5786 A
