4704 5804
197 207 271 284 211

302 375 354 452 Ut
378 381 488 472 igitur
510 375 747 454 Athanasium
771 373 929 450 Ecclesia
954 373 1197 450 Alexandrina

202 483 359 554 vocavit:
394 485 442 555 sic
464 498 518 570 tc,
550 486 600 554 sic
622 484 771 572 collegas
792 497 873 552 tuos
882 477 929 576 ⁸),
962 483 1070 552 vestri
1086 481 1199 552 Sena-

205 597 321 670 tores,
361 587 423 678 qui
454 600 535 656 sunt
546 581 577 681 ⁶)
606 586 794 677 praecipua
818 581 997 653 Ecclesiae
1028 585 1198 662 membra,
1244 593 1249 606 '

206 699 394 756 vocarunt:
417 686 489 757 Nec
505 690 629 773 refert,
655 712 761 780 quam
778 685 900 756 multis
918 685 956 754 in
971 684 1105 757 Senatu
1123 685 1199 775 pla-

208 801 299 872 ceat,
332 789 486 860 satis‘cst
502 791 640 883 aliquos
657 812 748 870 esse,
781 789 842 882 qui
858 787 1082 886 praecipuam
1099 800 1200 856 auto-

207 889 349 958 ritatem
372 883 522 976 habent,
564 905 598 962 ct
621 891 697 960 eius
717 887 896 959 Ecclesiae
921 889 1079 958 membra
1104 900 1201 972 suut,

205 990 252 1059 ad
268 1015 374 1084 quam
390 993 586 1062 docendam
602 991 718 1062 vocati
734 987 863 1083 estis⁷).

311 1089 407 1160 Haec
437 1095 618 1159 verissima
647 1105 681 1150 ec
704 1090 962 1172 simplicissima
989 1104 1086 1160 sunt:
1128 1087 1202 1159 Nec

209 1175 359 1247 dubium
376 1191 442 1264 est,
466 1193 528 1249 vos
547 1185 636 1252 iuste
652 1196 813 1265 vocatos,
847 1198 881 1250 et
895 1185 1071 1268 legitimos
1092 1177 1202 1249 mini-

99 1293 106 1305 ·
210 1293 301 1350 stros
317 1303 408 1365 esse,
431 1296 464 1350 et
481 1307 555 1352 non
570 1308 643 1352 esse
659 1275 1059 1371 ἇλλοτριοεπισκόπους.

312 1380 397 1453 Post
412 1385 632 1454 vocationem
647 1407 709 1454 seu
725 1383 928 1452 electionem
948 1384 1033 1452 olim
1060 1384 1201 1452 accede-

206 1483 272 1553 bat
289 1485 550 1575 comprobatio,
584 1510 674 1579 quae
696 1485 800 1553 fiebat
822 1509 885 1575 per
900 1484 1036 1554 vicinos
1053 1481 1203 1575 Episco-

209 1607 291 1674 pos,
318 1585 424 1670 duos,
449 1599 511 1656 aut
526 1600 613 1672 tres,
644 1599 686 1655 ut
709 1587 858 1656 recitant
874 1585 1006 1654 multae
1023 1581 1201 1658 historiae.

209 1683 260 1755 Hi
282 1709 407 1756 manus
431 1687 663 1780 imponebant
683 1687 803 1759 electo.
868 1683 975 1757 Hunc
1004 1709 1140 1756 morem
1168 1701 1202 1757 et

209 1811 276 1858 nos
299 1811 498 1870 servamus,
538 1803 578 1859 ut
599 1790 683 1874 scis,
721 1812 760 1857 ac
783 1788 939 1857 delector
963 1789 1045 1858 ritu.
1110 1787 1201 1859 Nam

210 1889 391 1980 impositio
416 1913 541 1959 manus
566 1891 763 1959 celebratur
785 1891 823 1957 iu
840 1888 990 1970 Genesi,
1024 1891 1061 1958 in
1088 1885 1203 1960 histu-

210 1991 263 2058 ria
282 1987 404 2070 Iacob,
440 2017 520 2060 cum
538 1993 760 2060 benedicitur
774 1991 856 2059 filiis
872 1986 1018 2083 loseph,
1046 2005 1079 2060 et
1101 1993 1202 2061 dein-

212 2117 291 2182 ceps
309 2089 442 2160 Aaroni
459 2107 492 2162 et
506 2087 638 2186 fitiis⁸).
691 2091 779 2160 ltem
793 2087 918 2162 hostiis
940 2116 1064 2162 manus
1087 2095 1202 2184 impo-

211 2195 410 2276 nebantur,
443 2207 479 2264 et
497 2189 661 2264 Christus
683 2217 809 2262 martias
829 2195 1035 2286 imponebat
1056 2195 1203 2264 infanti-

209 2295 292 2364 bus:
320 2289 460 2375 ἐπιθεὶς
475 2291 602 2376 αὐτοῖς
614 2288 681 2374 τὰς
691 2296 819 2388 χεῖρας
831 2297 948 2388 iuquit
963 2290 1178 2366 Matthaeus.

311 2393 496 2466 Praeterea
522 2421 647 2487 magna
672 2397 862 2466 ministerii
883 2397 937 2466 vis
966 2407 1034 2466 est:
1075 2419 1202 2486 magna

210 2497 373 2586 dignitas.
425 2495 509 2567 Ideo
527 2493 813 2568 honestissimum
831 2512 897 2582 est,
925 2497 1075 2567 electum
1092 2499 1203 2566 mini-

210 2612 323 2667 strum
347 2597 423 2668 sisti
447 2624 565 2668 coram
581 2597 754 2683 Ecclesia,
784 2599 1024 2668 commendari
1042 2597 1119 2670 Deo
1135 2623 1202 2690 pu-

206 2699 303 2768 blica
325 2701 546 2792 precatione,
585 2701 787 2770 confirmari
817 2701 956 2790 collegii
987 2701 1200 2777 testimonio.

208 2795 306 2869 Haec
322 2801 407 2869 olim
424 2825 560 2872 summa
577 2827 656 2872 cum
673 2801 842 2892 gravitate
858 2803 1007 2888 fiebant,
1028 2817 1067 2874 ut
1084 2798 1200 2874 adbuc

207 2901 283 2970 fieri
302 2903 467 2990 optarim.

202 3056 205 3064 .
309 3002 379 3072 Sed
412 3005 530 3087 vides,
566 3029 657 3098 quae
688 3005 734 3073 sit
765 3005 973 3096 disciplinae
1007 3007 1199 3098 dissipatio.

200 3101 277 3171 -Vix
296 3106 340 3172 ab
356 3105 419 3174 illo
436 3106 566 3194 collega
582 3119 644 3176 tuo
661 3106 842 3196 impetrari
860 3120 991 3198 posset,
1023 3123 1063 3178 ut
1078 3111 1123 3177 ad
1146 3122 1199 3178 ta-

198 3205 276 3272 -lem
300 3207 406 3275 ritum
431 3207 469 3273 in
492 3208 665 3296 templum
689 3208 837 3278 veniret.
889 3207 929 3278 si
947 3204 1043 3294 hunc
1061 3235 1196 3278 morem

205 3321 317 3389 amat,
343 3321 383 3376 ut
400 3330 517 3375 amare
533 3330 614 3376 eum
629 3310 744 3390 decet,
770 3332 833 3377 cuc
852 3329 926 3376 non
942 3311 1113 3380 renovat?
1148 3310 1196 3382 Et

205 3405 396 3477 instaurari
417 3407 456 3476 in
478 3403 645 3478 Ecclesiis
669 3407 971 3502 frequentioribus
993 3425 1085 3480 certe
1109 3413 1195 3482 utile

204 3523 304 3581 esset.

781 198 1219 282 uetsromtttutu
1267 197 1373 284 LlB.
1412 197 1477 282 ut.
1530 195 1663 276 tata.

2160 203 2247 282 212

1249 399 1305 446 res
1331 387 1365 446 et
1383 373 1594 444 mercenarii
1615 368 1684 443 boc
1704 373 1799 456 ritu,
1838 381 1896 452 sod
1918 377 2093 451 differunt
2115 397 2247 470 genere

1250 477 1449 560 doctrinae,
1475 487 1509 544 et
1524 475 1720 548 voluntate.

1352 577 1460 667 Quod
1483 589 1600 646 autem
1623 575 1836 670 nequidem
1863 575 1968 646 liceat
1991 580 2096 661 nobis
2124 589 2247 672 petere

1250 678 1361 748 ritum
1385 679 1623 748 ordinationis
1646 679 1691 746 ab
1714 673 1918 768 Episcopis,
1952 682 2016 770 qui
2037 693 2135 752 nunc
2157 681 2249 750 titu-

1251 781 1325 848 lum
1344 791 1481 857 tenent,
1505 792 1540 848 et
1556 779 1766 871 profitentur
1781 801 1817 846 se
1833 779 2034 868 improbare
2048 780 2250 852 doctrinam

1252 877 1489 950 Ecclesiarum
1506 895 1727 963 nostrarum,
1753 879 1944 949 manifesta
1959 879 2051 950 ratio
2068 894 2136 950 est:
2161 883 2250 972 quia

1253 981 1432 1050 neminem
1455 980 1532 1048 sine
1553 981 1672 1072 impiis
1687 980 1839 1049 vinculis
1858 981 2039 1054 ordinant.
2089 979 2137 1050 Et
2151 979 2252 1052 Pau·

1252 1083 1309 1153 lus
1330 1082 1465 1176 inquit:
1499 1075 1649 1179 Siquis
1668 1075 2050 1174 aliudEvangelium
2075 1076 2251 1163 docuerit,

1253 1177 1455 1244 anathema
1470 1181 1530 1252 sit.

1354 1275 1427 1346 Nec
1451 1289 1635 1366 propterea
1657 1283 1877 1367 extinguitur
1895 1283 2061 1352 universa
2076 1278 2249 1370 Ecclesia,

1254 1380 1314 1448 sed
1338 1374 1500 1458 †mnnet
1522 1378 1666 1448 ecclesia
1694 1381 1791 1470 apud
1820 1403 1885 1450 uos
1895 1380 1930 1468 ”3
1970 1385 2157 1456 ubi-sonat
2179 1410 2249 1454 vox

1253 1477 1457 1569 Evangelii,
1491 1479 1543 1548 ibi
1567 1491 1601 1548 ct
1626 1479 1881 1566 ministerium,
1915 1483 2029 1553 etius
2054 1485 2250 1572 electionis,

1255 1595 1289 1652 et
1304 1579 1605 1669 comprobationis
1625 1595 1766 1667 manet,
1797 1583 1892 1653 iuxta
1915 1584 2023 1654 illud:
2063 1581 2251 1674 Ascendit,

1255 1675 1353 1750 dedit
1377 1675 1476 1750 dona
1503 1674 1734 1768 hominibus,
1772 1679 1873 1754 alios
1895 1678 2117 1782 prophelae,
2147 1685 2250 1759 alios

1252 1790 1437 1879 pastores,
1471 1778 1571 1852 alios
1597 1777 1769 1858 doctores
1819 1783 1964 1856 Certum
1988 1801 2041 1858 est
2061 1789 2157 1858 euim
2180 1787 2250 1861 hac

1254 1884 1427 1956 sententia
1444 1885 1629 1970 affirmari,
1661 1887 1757 1978 quod
1773 1886 1812 1954 in
1825 1883 2003 1974 Ecclesia,
2035 1890 2074 1958 in
2097 1915 2165 1984 qua
2187 1917 2249 1961 re-

1254 2001 1307 2056 cte
1323 1999 1425 2056 sonat
1439 1981 1696 2076 Evangelium,
1727 1987 1800 2057 sint
1824 1983 1910 2058 baec
1929 1991 2041 2076 dona,
2074 1993 2121 2062 sit
2137 1995 2250 2062 mini-

1254 2088 1401 2160 sterium*
1415 2109 1549 2159 verum.
1583 2082 1695 2168 †Hac
1710 2113 1767 2158 me
1782 2090 2022 2162 consolatione
2038 2095 2227 2169 sustento*

1355 2186 1622 2278 Sciooportcre
1641 2203 1846 2281 perpetuam
1870 2215 1944 2261 esse
1964 2189 2179 2280 Ecclesiam,
2211 2212 2248 2268 et

1255 2312 1332 2358 eam
1345 2313 1420 2358 non
1435 2291 1589 2381 pendere
1604 2313 1646 2392 ex
1662 2291 1775 2362 titulis
1790 2287 2065 2384 Episcoporum,
2086 2298 2147 2365 sed
2165 2321 2249 2366 vere

1255 2415 1331 2460 eam
1364 2414 1436 2474 csse
1469 2404 1624 2476 coetum,
1665 2393 1727 2485 qui
1759 2408 1861 2464 sonat
1893 2419 2012 2464 vocem
2044 2395 2248 2488 Evangelii.

1252 2489 1349 2582 Ergo
1365 2505 1399 2561 et
1413 2491 1653 2563 ministerium
1670 2494 1708 2562 in
1725 2519 1765 2564 eo
1781 2508 1884 2565 coetu
1899 2509 1961 2565 est.

1351 2590 1466 2664 Doleo
1482 2594 1626 2686 quidem
1641 2593 1765 2664 divelli
1781 2620 1846 2666 nos
1862 2597 1907 2666 ab
1922 2596 2010 2682 illis,
2036 2597 2099 2689 qui
2123 2611 2248 2671 tenent

1253 2693 1467 2764 ordinariam
1483 2709 1704 2792 potestatem:
1740 2695 1808 2768 Sed
1826 2698 1893 2789 ipsi
1912 2721 1993 2782 uos,
2022 2699 2098 2768 sine
2122 2715 2246 2773 nostra

1252 2796 1356 2887 culpa
1379 2797 1562 2870 abiiciunt.
1619 2795 1738 2866 Foveo
1760 2799 1868 2889 igitur
1890 2813 2061 2892 quantum
2090 2826 2246 2893 possum,

1253 2910 1287 2966 et
1314 2899 1481 2968 omnibus
1510 2922 1589 2967 sum
1618 2893 1780 2969 hortator
1810 2901 1956 2970 fovendi
1985 2895 2052 2970 boc
2081 2918 2244 2974 nostrum

1252 3022 1395 3089 corpus,
1430 3001 1525 3090 quod
1550 2995 1744 3069 Ecclesiam
1764 2999 1832 3071 Dei
1853 3004 1984 3088 sentio,
2020 3017 2054 3073 et
2078 3006 2245 3095 dissipari

1252 3101 1402 3170 nollem:
1436 3097 1484 3170 Et
1508 3125 1553 3169 ne
1577 3101 1824 3192 dissipationes
1848 3105 2087 3190 exorirentur,
2113 3109 2245 3178 multas
2350 3171 2351 3180 ,

1251 3201 1399 3270 iniurias
1414 3203 1640 3293 perferendas
1654 3226 1725 3272 esse
1741 3228 1878 3296 semper
1892 3206 2024 3278 censui.
2224 3287 2228 3294 ι

1351 3301 1469 3372 Habes
1483 3327 1573 3396 quac
1586 3305 1630 3374 de
1644 3304 1870 3395 impositione
1880 3329 2052 3378 manuum
2064 3329 2128 3396 ego
2141 3332 2245 3401 saepe

1248 3403 1400 3492 cogitare
1416 3405 1528 3475 soleo:
1560 3399 1609 3475 Et
1629 3429 1649 3476 a
1670 3419 1705 3476 te
1728 3422 1890 3500 expecto,
1923 3407 2011 3504 quid
2032 3409 2100 3480 tibi
2123 3411 2245 3482 videa-

1247 3515 1317 3574 tur.
1463 3527 1468 3536 ·
1498 3529 1501 3536 ·

304 3605 375 3679 Sed
384 3623 508 3678 tamen
521 3624 555 3681 et
570 3603 638 3680 boc
653 3609 750 3680 dico:
777 3609 952 3680 Vocatum
968 3633 1029 3681 seu
1045 3611 1192 3684 electum
1291 3661 1295 3668 -

202 3735 287 3780 voce
304 3734 443 3794 eorum,
474 3734 581 3800 penes
596 3735 684 3804 quos
699 3726 750 3782 est
773 3711 829 3780 ius
851 3707 1087 3810 vocationis⁹)
1109 3717 1194 3786 lun·

197 3827 340 3901 gentem
372 3813 569 3882 ministerio
596 3809 803 3904 Evangelii,
842 3813 947 3882 etiam
977 3815 1053 3885 sine
1081 3817 1191 3887 altero

200 3913 273 3984 ritu
291 3915 529 4004 impositionis
544 3939 732 4002 manuum,
758 3938 839 3984 vere
853 3915 1055 3986 ministrum
1069 3913 1192 3989 Evan-

199 4016 283 4103 g'elii
305 4039 394 4101 esse,
431 4017 531 4108 posse
554 4020 698 4102 docere,
729 4043 768 4086 ac
794 4017 1041 4088 administrare
1065 4017 1191 4091 Sacra-

199 4129 328 4184 menta.

301 4213 401 4284 Nihil
425 4217 520 4286 enim
544 4216 643 4287 addit
665 4217 754 4286 ioris
770 4229 829 4286 aut
847 4219 1027 4308 potestatis
1044 4219 1191 4310 imposi-

199 4317 250 4386 tio
275 4341 461 4386 vnanuum:
503 4316 574 4388 Sed
602 4331 654 4387 est
676 4319 866 4387 declaratio
891 4332 926 4389 et
947 4323 1189 4412 comprobatio

198 4419 412 4502 vocationis,
442 4421 485 4488 de
506 4443 575 4511 qua
599 4433 759 4488 constare
784 4443 923 4488 neccsse
945 4436 1004 4492 est.
1058 4419 1106 4492 Et
1127 4449 1188 4510 va-

197 4519 291 4602 lent,
326 4521 431 4589 etiam
446 4517 669 4590 Sacramenta
690 4533 835 4612 propter
854 4522 1116 4592 ordinationem
1132 4525 1189 4592 di-

196 4621 336 4704 vinam,
359 4621 449 4689 sicut
465 4645 532 4689 vox
549 4617 752 4710 Evangelii:
787 4617 1036 4715 Evangelinm
1056 4633 1107 4693 est
1122 4649 1188 4721 po-

197 4708 312 4791 tentia
328 4711 409 4791 Dei
421 4713 477 4790 ad
485 4717 655 4791 sulutem.
705 4720 779 4792 Nec
794 4723 966 4793 differunt
980 4725 1056 4794 veri
1068 4741 1188 4818 pasto-

199 4901 399 4916 mr·—

228 5015 257 5084 5)
277 5015 345 5072 cot.
358 5013 472 5069 Monac.
483 5013 522 5067 tie
533 5011 695 5066 Brentt‘um.

227 5101 257 5166 6)
276 5101 332 5154 Pro
347 5101 397 5170 qui
403 5109 472 5153 runt
485 5097 548 5153 cod.
562 5097 674 5152 Monac.
687 5096 781 5150 babet:
798 5097 829 5149 id
840 5104 893 5150 ert.

228 5190 257 5254 7)
275 5187 516 5256 quipraect'puum
529 5191 581 5238 etc.
594 5199 651 5235 uun
666 5181 745 5236 habet
756 5181 819 5236 eod.
833 5181 946 5238 Monac.

227 5270 255 5339 8)
274 5269 329 5322 Pro
345 5270 456 5322 Antoni
467 5277 519 5322 etc.
534 5265 597 5320 cod.
611 5263 740 5319 Monens
759 5267 789 5318 t'n
803 5266 900 5320 Maiae.

225 5359 254 5427 9)
273 5355 342 5413 cod.
355 5353 467 5411 Monac.
482 5363 603 5410 tantuma
622 5367 688 5407 uoce
702 5351 887 5420 superbum.

1242 3895 1439 4021 Q.

1553 4075 1597 4163 V
1594 4032 1657 4160 teo
1691 4079 1930 4167 Ήῑεοᾶονο.

1311 4251 1564 4397 Eppsslilb.pl¹l⁵7p:
1577 4259 1628 4312 ⁴7⁵
1640 4277 1681 4332 eq.
1700 4290 1736 4302 -
1759 4257 1813 4316 llic
1826 4277 1856 4316 ex
1871 4263 2040 4337 autographo
2053 4263 2082 4318 in
2094 4266 2158 4322 cod.
2173 4267 2242 4322 Μο-

1246 4479 1286 4556 V
1293 4481 1309 4552 i
1316 4491 1360 4551 to
1385 4475 1656 4565 Theodoro,
1683 4477 1826 4554 docenti
1840 4483 1992 4583 Evang.
2011 4487 2052 4559 in
2066 4487 2241 4566 Ecclesia

1634 4577 1834 4681 Noriberg.
2346 4593 2347 4616 ¹

1240 4700 1287 4791 S.
1313 4718 1359 4795 D.
1409 4719 1603 4791 Hermuno
1616 4717 1928 4820 γραμματοφόρῳ
1943 4723 2061 4797 literas
2076 4731 2172 4816 dedi,
2198 4734 2240 4805 iu

1242 4823 1372 4916 quibus
1397 4825 1599 4915 complexus
1621 4847 1700 4893 sum
1719 4827 1884 4908 materias
1902 4821 2037 4908 οἰκείας
2049 4825 2241 4926 ἡμετέροις
2345 4877 2346 4888 ,

1241 4917 1456 5022 γράμμασι,
1497 4925 1559 5018 qui
1579 4924 1724 4993 sortasse
1748 4939 1943 4998 antevertat
1966 4923 2062 5000 bunc
2089 4935 2240 5006 tabella-

1241 5027 1345 5098 rium.
1409 5025 1479 5098 Sed
1509 5021 1600 5096 banc
1623 5021 1821 5116 Epistulam
1849 5021 1934 5098 buic
1964 5032 2133 5120 magistro
2155 5031 2240 5106 An-

1242 5119 1349 5196 dreae
1363 5122 1499 5197 Ketzel
1516 5127 1616 5212 dedi,
1648 5141 1732 5197 nato
1756 5129 1794 5196 in
1811 5129 1948 5199 ditione
1964 5127 2236 5221 Mansseldensi,

1241 5228 1304 5320 qui
1329 5242 1407 5320 post
1422 5241 1570 5300 mortem
1587 5229 1696 5319 patris
1713 5224 1853 5300 bonesti
1868 5245 1901 5301 et
1918 5230 1969 5324 pii
1985 5233 2097 5318 senis,
2126 5236 2238 5309 Nori.

1241 5329 1383 5420 bergam
1416 5331 1461 5402 ad
1494 5333 1738 5422 componenda
1771 5333 1944 5424 quaedam
1977 5336 2119 5424 negotia
2152 5365 2234 5414 cum
