4722 5808
197 222 271 308 776
766 211 1200 294 EPISTOLARUM

1259 222 1369 307 LlB.
1401 227 1466 303 IX.
1521 229 1655 314 1545.

198 395 292 466 saria
312 407 382 479 est,
404 408 445 466 ut
466 394 647 466 communi
670 391 923 488 tranquillitati
948 390 1080 460 servire
1104 391 1191 460 veli·
1216 419 1220 480 Ι
1244 400 1294 482 ira
1319 403 1454 475 exuerit
1482 428 1581 488 suam
1611 405 1781 498 gloriam,
1818 421 1859 482 ut
1889 431 1970 482 reus
1991 409 2066 484 esse
2088 413 2244 488 voluerit

199 498 256 570 tis.
309 495 417 586 Quod
440 497 470 566 si
489 497 604 568 facere
625 497 869 582 decreveritis,
894 506 936 564 ut
957 493 1110 580 debetis,
1136 517 1193 565 ars

199 601 305 690 etiarn
329 594 531 670 adhibenda
555 613 628 686 est,
653 623 698 668 ne
725 599 926 670 occasiones
951 596 1109 666 rixarum
1135 621 1193 667 ca-

198 702 322 794 ptetis,
355 702 415 772 sed
438 704 591 795 quadam
618 703 793 796 aequitate
816 702 904 771 alter
927 699 1073 772 alterius
1099 701 1191 772 dicta

199 819 234 876 et
260 804 349 874 lacta
374 805 463 874 boni
498 801 726 899 consulat⁹).
792 802 883 874 Nam
907 802 937 872 si
966 803 1023 870 vel
1057 802 1192 872 calum-

200 907 320 988 niose,
361 906 419 974 vel
455 929 593 978 summo
626 910 704 978 iure
738 909 782 977 de
816 905 965 996 singulis
999 903 1103 974 dictis
1134 917 1194 976 aut

201 1009 303 1078 factis
326 1012 538 1080 contendere
563 1011 764 1102 coeperitis,
805 1008 965 1102 quotidie
986 1007 1074 1076 novi
1100 1006 1194 1076 inter

199 1133 263 1179 ros
283 1112 457 1181 tumultus
478 1113 701 1184 exorirentur
711 1110 734 1142 ¹⁰
744 1109 771 1208 ).
823 1110 945 1200 Quare
967 1132 1031 1180 vos
1048 1123 1193 1200 propter

197 1210 331 1282 Filium
347 1210 434 1299 Dei,
459 1213 655 1286 Dominum
677 1229 839 1284 nostrum
863 1211 977 1282 lesum
999 1207 1192 1298 Christum,

199 1327 233 1384 et
256 1328 402 1407 propter
425 1313 603 1386 Ecclesiae
629 1332 664 1388 et
686 1331 837 1386 vestram
866 1316 1016 1384 salutem
1039 1337 1192 1399 oramus,

198 1430 238 1486 ut
254 1431 289 1486 et
301 1417 441 1488 silentio
458 1419 645 1490 dissidium
659 1434 815 1490 vestrum
838 1417 1014 1501 obruatis,
1041 1431 1075 1487 et
1089 1416 1193 1486 deiu-

135 1561 139 1570 .
199 1541 278 1612 ceps
293 1521 385 1590 tueri
399 1523 626 1592 concordiam
640 1521 884 1592 moderatione
899 1519 1101 1588 animorum
1116 1531 1192 1590 stu-

199 1623 323 1696 deatis.
384 1621 559 1694 Fortassis
580 1625 719 1718 aliquae
745 1646 920 1715 pugnaces
943 1634 1089 1691 naturae
1114 1622 1191 1711 glo-

196 1725 332 1794 riosum
350 1724 419 1794 sibi
435 1728 587 1812 ducunt,
603 1750 740 1818 semper
756 1727 849 1794 bella
866 1726 974 1809 ciere;
1001 1737 1037 1794 at
1051 1725 1191 1814 sapien-

196 1827 416 1896 tissimorum
441 1824 627 1900 hominum
651 1829 812 1900 doctrina
831 1828 869 1895 iu
894 1826 1110 1918 reipublicae
1126 1848 1191 1916 gu-

197 1929 406 1998 bernatione
429 1951 566 2024 semper
584 1933 654 2002 fuit
679 1927 870 2015 hortatrix,
895 1943 936 1999 ut
951 1929 1044 1997 cives
1067 1952 1191 1998 omnes

196 2044 317 2102 ament
336 2045 370 2102 et
390 2028 540 2130 alant¹¹)
565 2035 666 2104 omni
687 2033 802 2104 officio
818 2031 1057 2104 concordiam.
1109 2029 1191 2122 Qua

197 2135 242 2204 de
258 2156 295 2202 re
309 2134 461 2224 plurima
471 2131 521 2231 ¹²)
538 2137 678 2207 recitari
702 2161 743 2206 ex
764 2135 864 2204 omni
879 2134 1089 2227 antiquitate
1107 2157 1191 2226 pos-

196 2249 286 2310 sent.
344 2235 413 2307 Sed
444 2259 510 2308 nos
534 2265 657 2310 vocem
680 2237 767 2308 Filii
790 2235 860 2308 Dei
889 2237 1095 2322 audiamus,
1127 2235 1191 2328 qui

196 2351 277 2408 ante
292 2359 441 2428 agonem
451 2364 555 2412 suum
571 2339 795 2434 etApostolis
813 2339 898 2432 ipsis
913 2339 1091 2430 praecepit
1104 2362 1190 2408 con-

197 2441 337 2510 cordiae
361 2443 538 2528 studium,
574 2457 608 2514 et
629 2469 649 2513 a
672 2442 777 2514 Patre
803 2457 946 2512 aeterno
975 2441 1118 2533 petivit,
1150 2454 1191 2510 ut

195 2556 331 2612 mentes
354 2546 559 2616 docentium
581 2559 706 2616 mutua
727 2544 975 2615 benevolentia
991 2555 1026 2612 et
1046 2556 1190 2612 aeterno

194 2645 336 2714 foedere
361 2648 519 2738 copulet,
549 2646 673 2733 Pater,
706 2648 893 2742 inquiens,
927 2666 1028 2714 serva
1048 2668 1126 2731 eos,
1151 2658 1192 2715 ut

196 2748 268 2816 sint
288 2773 419 2828 unum,
453 2751 545 2820 sicut
564 2773 630 2819 uos
652 2775 766 2820 unum
785 2772 918 2822 sumus.
978 2745 1191 2818 Moveamur

196 2862 232 2919 et
252 2863 439 2941 praecepto
464 2853 589 2922 divino
610 2854 713 2924 toties
738 2851 905 2943 repetito,
931 2864 965 2920 et
986 2850 1190 2941 precatione

161 2942 164 2950 ’
195 2950 306 3022 effusa
343 2961 393 3022 ex*
417 2955 664 3025 ardentissimo
700 2968 842 3047 pectore
873 2953 939 3022 filii
974 2949 1051 3022 Dei.
1114 2949 1189 3022 Nec

195 3049 312 3148 aut¹³)
339 3057 596 3142 aemulatione,
636 3054 756 3152 aut¹*)
787 3056 978 3148 cupiditate
1011 3054 1190 3124 vindictae

194 3157 333 3249 impelli
354 3181 424 3252 1101Ι
440 3163 485 3230 ad
504 3162 718 3230 turbandam
742 3181 967 3228 communem
983 3157 1188 3250 tranquilli-

195 3273 302 3329 tatem
318 3260 494 3346 sinamus,
516 3263 590 3332 imo
616 3263 720 3334 etiam
744 3262 877 3332 iustum
892 3261 1051 3330 dolorem
1067 3259 1189 3328 vinca-

194 3385 291 3447 mus,
325 3375 359 3432 et
381 3363 485 3434 obliti
505 3363 718 3434 iniuriarum
742 3387 862 3455 pacem
885 3363 1066 3452 publicam
1090 3377 1190 3432 tuea-

196 3487 288 3538 mur.
340 3461 448 3552 Quod
471 3478 511 3534 ut
531 3489 593 3535 vos
616 3467 770 3550 faciatis,
796 3489 859 3534 vos
873 3487 1015 3557 quoque
1032 3464 1189 3554 exempla

195 3590 277 3636 curn
296 3581 475 3652 veterum,
503 3565 640 3654 Iacobi,
666 3567 834 3647 Davidis,
861 3579 896 3636 et
917 3567 1070 3636 aliorum
1095 3566 1190 3635 mul-

194 3683 313 3738 torum
330 3670 547 3760 optimorum
563 3672 741 3756 virorum,
768 3685 844 3742 tum
865 3693 949 3740 vero
973 3663 1208 3758 1101011011.Ι

194 3771 240 3840 tis
261 3772 373 3840 multa
388 3767 588 3844 hortentur.
640 3773 757 3864 Quam
773 3774 884 3844 multa
901 3772 997 3840 enim
1014 3771 1189 3862 sapientes

194 3870 397 3966 Principes,
432 3875 595 3966 publicae
620 3877 714 3968 pacis
737 3899 860 3958 causa,
890 3897 988 3944 nunc
1012 3873 1190 3946 tolerant?

195 4000 348 4068 quornm
364 4000 427 4046 vos
443 3992 478 4048 et
496 3974 711 4075 dolorem¹⁶)
732 3979 974 4061 considerare,
999 3989 1035 4047 et
1050 3977 1189 4048 animo-

194 4102 276 4147 rum
309 4080 590 4152 moderationem
611 4083 745 4169 imitari
768 4085 877 4153 decet.
937 4077 1036 4167 Quid
1060 4080 1187 4168 agitis?

196 4178 294 4268 Quid
318 4181 468 4252 alieuius
492 4185 536 4252 ab
557 4180 735 4254 Ecclesiae
753 4181 968 4254 Doctoribus
990 4203 1063 4250 esse
1078 4185 1189 4269 decet,

195 4305 302 4374 quarn
333 4283 445 4352 coecis
471 4285 653 4356 affectibus
675 4287 832 4370 animos,
867 4297 1035 4378 tanquam
1067 4287 1188 4354 navim

195 4384 310 4453 ventis
323 4386 551 4474 permittere?
602 4386 642 4459 Si
664 4389 815 4480 impellit
833 4388 1001 4470 ambitio,
1028 4388 1189 4458 confera-

195 4509 274 4556 mus
295 4509 361 4556 nos
384 4489 428 4556 ad
450 4489 640 4580 imaginem
658 4488 744 4560 Filii
758 4488 836 4564 Dei.
889 4489 988 4580 Quid
1005 4489 1187 4581 indignius

196 4601 265 4670 est,
292 4611 398 4682 quam
419 4613 485 4660 nos
511 4605 643 4664 certare
665 4595 708 4662 de
726 4593 857 4683 gloria,
881 4619 961 4664 cum
984 4591 1099 4664 Filius
1118 4591 1188 4665 Dei

198 4793 397 4808 ’,ρη-

227 4929 256 4997 9)
275 4925 346 4981 Cod.
361 4921 443 4977 Gotb.
458 4923 517 4979 168.
536 4928 699 4983 consulatis.

230 5014 274 5082 10)
291 5011 375 5084 Lang.
393 5019 420 5063 et
438 5011 528 5064 Dana.
543 5010 688 5066 mendose:
706 5015 881 5068 exorientur.

234 5099 278 5163 11)
296 5095 405 5166 Schleg.
423 5104 450 5148 et
468 5093 556 5148 Dana.
576 5095 722 5150 mendose:
739 5101 844 5153 colant.

230 5181 275 5248 ts)
295 5176 535 5234 601160111168.
554 5187 580 5232 et
599 5177 662 5232 cod.
675 5177 792 5252 Guelpb.
809 5183 907 5246 pluro.

229 5265 274 5331 ts)
290 5263 396 5333 Schleg.
418 5271 444 5314 et
462 5261 552 5314 Dana.
570 5261 716 5318 mendose:
733 5273 843 5321 autem.

231 5351 273 5420 11)
294 5348 402 5418 Schleg.
421 5347 567 5400 mendose:
586 5357 624 5402 el.

229 5438 273 5504 15)
293 5431 457 5488 60116011.
472 5434 531 5486 168.
544 5442 570 5487 et
584 5434 645 5490 cod.
659 5433 777 5510 Guelpb.
789 5441 913 5495 dolores.

317 5722 464 5788 A

1244 517 1325 576 tuae
1347 520 1490 578 nostrae
1512 521 1546 579 et
1568 510 1731 582 omnium
1753 512 2003 604 turpitudinis,
2028 516 2181 606 perinde
2203 541 2242 590 ac

1244 608 1275 678 si
1290 608 1365 700 ipse
1381 634 1455 680 sese
1470 614 1743 687 contaminasset
1756 609 1813 684 his
1826 615 1913 708 ipsis
1928 617 2091 706 flagitiis,
2108 620 2241 714 quibus

1244 705 1407 782 homines
1421 711 1630 812 maxime¹⁸)
1645 717 1860 790 deformatos
1868 715 1915 814 ¹⁷)
1931 743 2005 790 seso
2022 721 2242 812 intelligunt.

1245 811 1340 884 Iacet
1367 814 1481 886 Filius
1503 815 1572 888 Dei
1591 834 1790 912 prostratus
1812 845 1932 892 coram
1957 835 2100 894 aeterno
2121 823 2242 912 Patre,

1244 919 1376 988 sudans
1392 921 1602 1012 sanguinem
1623 947 1664 994 ac
1678 923 1844 994 derivans
1858 924 1897 992 in
1913 925 2071 1011 sciram,
2096 928 2240 1008 fatetur,

1243 1043 1280 1088 se
1303 1045 1404 1090 reum
1428 1047 1501 1094 esse
1517 1039 1720 1096 nostrarum
1734 1025 2018 1117 turpitudinum,
2044 1041 2081 1098 et
2097 1029 2242 1102 videtur

1243 1123 1466 1218 inquinatior
1480 1129 1650 1200 omnibus
1664 1123 1887 1200 horninibus:
1905 1128 2037 1200 interea
2051 1155 2117 1200 nos
2135 1135 2241 1202 arde-

1242 1250 1322 1296 mus
1343 1228 1536 1319 cupiditate
1550 1231 1699 1321 gloriae3
1724 1232 1936 1304 antecellere
1951 1233 2136 1315 volumus,
2163 1257 2240 1304 non

1242 1330 1394 1415 virtute,
1422 1332 1483 1401 sed
1511 1334 1628 1404 stultis
1651 1334 1776 1426 populi
1800 1333 1960 1419 iudiciis;
1994 1335 2110 1406 videri
2134 1337 2240 1408 volu·

1242 1455 1322 1500 mus
1344 1432 1459 1520 docti,
1484 1436 1588 1522 iusti,
1615 1449 1650 1506 et
1671 1437 1831 1506 semidei.
1881 1431 2124 1527 Agnoscamus
2147 1434 2241 1510 hanc

1242 1533 1450 1622 stultitiam,
1484 1551 1519 1609 et
1544 1562 1609 1608 nos
1635 1541 1882 1620 emendemus,
1911 1563 1950 1610 ac
1971 1537 2239 1636 abiiciamus¹⁸)

1241 1637 1417 1729 nosipsi,
1453 1653 1488 1709 et
1510 1641 1632 1734 aequis
1656 1641 1787 1711 animis
1809 1654 2050 1732 contemptum
2071 1643 2239 1730 ieramus,

1241 1739 1326 1831 quia
1338 1763 1377 1808 re
1393 1765 1476 1812 vera
1491 1766 1613 1814 sumus
1627 1744 1734 1832 louge
1753 1743 1907 1814 minores
1925 1757 2047 1814 nostra
2067 1745 2113 1816 de
2135 1747 2240 1817 nobis

1241 1843 1423 1933 opinione.
1473 1843 1577 1916 Hane
1595 1847 1806 1916 modestiam
1823 1847 1961 1916 etiamsi
1979 1847 2171 1918 induemus
2178 1843 2237 1942 ι9),

1241 1957 1360 2016 tamen
1376 1949 1537 2017 nondum
1560 1950 1648 2019 adeo
1665 1972 1732 2018 nos
1747 1947 1973 2035 abiiciemus‚
1997 1963 2040 2022 ut
2058 1972 2096 2020 se
2111 1951 2240 2021 abiecit

1241 2043 1356 2118 Filius
1372 2045 1452 2122 Dei.
1502 2048 1639 2121 Pudeat
1654 2075 1719 2122 nos
1733 2051 1953 2140 arrogantiae
1968 2065 2130 2138 nostrae,
2157 2049 2239 2123 cum

1240 2149 1402 2223 videmus
1425 2149 1558 2222 Filium
1580 2152 1648 2223 Dei
1668 2156 1882 2247 usqueadeo
1899 2176 1937 2222 se
1958 2154 2138 2228 abiecisse.
2192 2155 2241 2226 111

1241 2253 1412 2324 obiicitis:
1439 2252 1634 2326 Ministerii
1649 2256 1859 2346 dignitatem
1875 2255 2137 2328 defendendam
2154 2280 2239 2332 esse.

1241 2351 1355 2424 Immo
1378 2380 1459 2426 cum
1481 2372 1630 2452 uterque
1658 2359 1703 2428 sit
1722 2353 1911 2448 Evangelii
1935 2357 2123 2444 Minister,
2156 2383 2239 2452 par-

1241 2459 1394 2540 cendum
1410 2459 1515 2528 etiam
1529 2473 1582 2534 est
1596 2458 1792 2532 Ministerii
1801 2457 1852 2552 ²⁰)
1870 2461 2046 2550 dignitati.
2095 2458 2239 2532 Deinde

1242 2556 1450 2656 scimus²¹),
1475 2557 1542 2631 hos
1557 2558 1725 2632 honestos
1749 2563 1873 2634 titulos
1891 2586 1993 2654 saepe
2014 2563 2163 2654 privatis
2185 2565 2239 2633 af-

1240 2661 1391 2734 fectibus
1419 2666 1587 2755 praetexi.
1644 2663 1737 2736 Cum
1764 2679 1881 2734 autem
1905 2662 2065 2736 habeatis
2084 2661 2238 2756 Episco-

1240 2788 1345 2856 pum,
1368 2766 1486 2836 virum
1503 2763 1840 2862 intelligentem²²),
1867 2781 1902 2836 et
1919 2782 2098 2839 amantem
2113 2763 2238 2838 Evan-

1241 2866 1342 2956 gelii,
1366 2863 1450 2938 huic
1474 2869 1687 2959 permittite,
1711 2881 1752 2938 ut
1773 2869 1925 2949 iudicet,
1951 2870 2015 2940 ubi
2040 2867 2238 2940 Ministerii

1241 2969 1394 3058 dignitas
1411 2971 1640 3062 periclitetur.
1692 2967 1876 3040 Postremo
1891 2971 1995 3041 etiam
2018 2971 2077 3062 pio
2092 2970 2237 3042 Princi-

1240 3071 1298 3163 pi,
1328 3084 1362 3141 et
1384 3072 1488 3142 nobis
1513 3073 1662 3164 parcite,
1696 3097 1848 3166 quorum
1873 3086 1907 3143 et
1929 3073 2090 3142 dolorem
2115 3088 2151 3144 et
2174 3099 2238 3145 cu-

1240 3197 1316 3242 ram
1326 3168 1523 3268 ²³)augetis,
1538 3199 1625 3269 quas
1641 3174 1921 3244 circumferimus
1938 3175 2107 3245 assiduas.
2134 3173 2238 3262 Nam,

1240 3276 1328 3346 lecta
1351 3289 1413 3347 tua
1435 3277 1601 3369 epistola,
1639 3301 1714 3346 non
1737 3290 1877 3348 tantum
1899 3277 2112 3368 cogitatione
2134 3303 2238 3370 prae-

1239 3377 1392 3448 sentium
1410 3381 1586 3448 malorum
1602 3379 1909 3464 excruciabamur,
1934 3383 1995 3450 sed
2014 3380 2122 3449 etiam
2138 3382 2238 3451 sutu-

1239 3505 1374 3551 rorum.
1425 3479 1522 3569 Quid
1549 3481 1644 3550 enim
1669 3483 1830 3551 futurum
1853 3483 1971 3554 estad
1995 3496 2172 3574 posteros,
2206 3486 2236 3553 si

1240 3595 1385 3676 propter
1407 3581 1502 3654 leves
1526 3607 1646 3652 causas
1668 3597 1740 3654 tam
1763 3583 1895 3653 atrocia
1925 3585 2118 3654 certamina
2141 3586 2237 3656 idter

2170 243 2247 322 110

1239 3683 1402 3775 Collegas
1435 3685 1621 3756 orientur?
1682 3683 1847 3773 Quantae
1889 3701 1994 3758 erunt
2030 3686 2238 3779 dissipatio·
2347 3719 2348 3740 1

1239 3783 1402 3883 nes?²⁴).
1454 3785 1502 3858 Et
1523 3789 1603 3860 odia
1614 3782 1664 3882 ²⁵)
1689 3788 1885 3857 factionum
1919 3789 2071 3859 incitant
2097 3791 2239 3860 animos
2347 3775 2348 3834 1

1239 3893 1284 3960 ad
1306 3891 1526 3986 quaerendas
1543 3891 1700 3962 diversas
1721 3889 1931 3980 opiniones?
1982 3888 2036 3962 Ita
2056 3915 2160 3983 saepe
2179 3917 2241 3962 ac·
2347 3983 2348 3994 ἵ

1240 4012 1342 4062 censa
1358 4006 1441 4063 sunt
1454 3988 1625 4065 haereses.
1677 3989 1775 4061 Haec
1791 3991 1902 4078 mala,
1927 4005 1968 4063 ut
1983 4005 2118 4064 avertat
2130 3991 2241 4080 Deus,

1240 4096 1446 4166 ardentibus
1468 4095 1560 4165 votis
1584 4118 1791 4187 precamur,
1816 4107 1850 4164 et
1872 4119 1995 4166 omnes
2009 4089 2152 4168 honesti
2167 4098 2238 4186 gli-

1240 4199 1371 4268 scentia
1391 4222 1513 4268 eorum
1536 4198 1672 4267 semina
1697 4197 1798 4266 omni
1821 4198 1940 4267 studio
1956 4197 2158 4290 opprimere
2172 4201 2239 4268 de-

1238 4301 1337 4374 bent.
1387 4297 1484 4370 Haec
1501 4302 1544 4372 ad
1564 4315 1599 4370 te
1621 4312 1664 4369 ut
1677 4299 1929 4387 scriberemus,
1955 4301 2108 4394 quadam
2125 4299 2236 4372 officii
2347 4315 2348 4366 ἲ

1275 4613 1316 4677 16)
1337 4609 1406 4666 Cod.
1422 4612 1502 4664 111011.
1515 4611 1672 4666 maximos·

1274 4699 1318 4765 17)
1336 4697 1445 4768 Schleg.
1458 4709 1483 4750 et
1497 4697 1586 4754 Danu.
1606 4697 1753 4752 mendose:
1771 4696 1959 4765 deformatos.

1277 4783 1317 4849 18)
1337 4782 1405 4837 Cod.
1419 4781 1536 4852 Guelpb.
1555 4783 1746 4836 sollicitamus.

1275 4865 1319 4930 19)
1338 4865 1445 4938 Schleg.
1459 4875 1486 4918 et
1499 4863 1585 4918 Danu.
1600 4864 1745 4919 mendose:
1763 4865 1915 4917 induimus.

1274 4953 1319 5021 20)
1338 4949 1446 5022 Schleg.
1461 4951 1608 5003 mendose:
1628 4949 1785 5016 Evangelii.

1273 5038 1320 5103 21)
1340 5035 1409 5090 Cod.
1422 5035 1505 5089 Gotb.
1522 5035 1583 5087 168.
1596 5037 1720 5087 sciamus
1735 5037 1795 5088 boc.

1274 5125 1322 5189 22)
1341 5122 1448 5193 Schleg.
1463 5119 1610 5173 mendose:
1625 5121 1795 5185 diligentem.

1273 5209 1318 5278 28)
1339 5204 1538 5275 Cod.·Guelpb.
1554 5215 1580 5258 et
1594 5205 1655 5260 cod.
1671 5203 1753 5258 Goth.
1770 5203 1828 5257 168.
1843 5219 1939 5258 outae.

1273 5296 1316 5364 24)
1336 5291 1444 5364 Sebleg.
1460 5303 1485 5346 et
1501 5293 1587 5345 Dana.
1602 5291 1746 5344 mendose:
1764 5291 1978 5354 disputationes.

1159 5358 1163 5370 ’
1272 5381 1319 5446 26)
1339 5379 1429 5434 Dana.
1443 5375 1588 5430 mendose:
1606 5376 1634 5428 si
1644 5377 1724 5438 odio:
1741 5373 1805 5429 eod.
1819 5373 1902 5427 Goth.
1919 5371 2022 5427 111111
2040 5373 2103 5430 cod.
2118 5373 2238 5449 Guelpb.

1308 5449 1346 5502 Et
1360 5449 1435 5502 odio.
