4704 5804
209 221 287 298 eto
787 209 1220 292 EPISTOLARUM
1277 213 1385 290 LlB.
1417 211 1482 288 lx.
1537 209 1669 290 tots.
2170 207 2251 286 220

212 393 356 466 duobus
369 391 432 464 dlu
446 392 516 463 iam
535 394 722 478 meditata,
754 403 789 462 et
802 404 960 481 tegamus
979 382 1066 458 haec
1085 402 1206 458 nostra
1254 385 1364 456 Vides
1394 389 1432 454 iu
1458 382 1606 456 Graecia
1639 398 1759 454 exorto
1790 389 1885 458 civili
1916 387 2011 458 bello
2043 407 2117 454 non
2147 381 2249 475 prius

213 497 385 580 vulnera,
411 495 490 564 aliis
505 519 645 588 quoque
663 495 772 564 simus
789 487 1007 572 hortatores,
1032 503 1072 560 ut
1087 492 1206 560 occul·
1255 515 1352 559 arma
1368 489 1526 579 deposita
1543 511 1634 572 esse,
1667 511 1772 580 quam
1789 487 1949 559 funditus
1963 489 2146 579 perierunt
2157 481 2249 554 Cor-

214 611 303 673 teut.
353 591 450 668 Mihi
464 611 495 667 et
512 597 581 666 fuit
596 611 629 668 et
645 596 711 666 erit
729 619 853 680 curae,
885 609 927 664 ut
942 594 1035 663 inter
1050 614 1116 660 nos
1131 613 1206 659 non
1256 616 1358 683 cyra,
1400 589 1597 684 Mitylene,
1643 587 1830 672 Messana,
1880 584 2064 672 Athenae,
2111 586 2250 668 Sarnos,

215 701 333 772 solum
353 698 516 770 induciae
538 699 626 779 sint,
659 698 843 768 sedetiam
861 719 943 765 vera
961 692 1208 763 benevolentia
1256 691 1401 780 Sparta,
1428 687 1586 764 Thebae.
1637 689 1855 778 Nolosigitur
1877 711 1950 758 esse
1973 682 2149 770 hortator,
2183 708 2250 754 nec

213 815 355 886 mutua,
380 823 420 868 ac
436 788 553 869 meum
570 801 728 870 animum
745 813 831 892 puto
848 797 970 867 multis
986 808 1206 888 perspectum
1255 791 1308 859 fui
1331 814 1508 883 unquam,
1540 805 1581 860 ut
1602 792 1734 860 bellum
1756 792 1959 860 inferamus.
2028 787 2250 857 Moderatio-

215 925 301 978 esse.

211 1013 216 1022 '
315 1001 370 1074 De
385 999 575 1072 Conventa
597 1017 631 1072 et
646 1001 855 1092 Principum
879 997 1043 1092 periculis
1065 1017 1209 1084 magnas

214 1105 320 1176 video
333 1105 592 1174 sollicitudines
603 1127 691 1162 eoos.
739 1100 816 1180 Ego
832 1103 868 1168 in
886 1097 952 1169 hac
968 1097 1209 1168 consolatione

214 1191 420 1284 acquiesco,
446 1195 553 1257 Fata
575 1187 672 1258 riom
695 1189 875 1258 invenient
896 1190 1085 1283 aderitque
1102 1193 1209 1258 oocass

215 1299 275 1362 tus
298 1286 419 1363 Iesus.
477 1288 559 1360 Scio
583 1287 746 1362 homines
766 1290 912 1360 callidos
935 1290 1057 1358 ludere
1084 1287 1210 1372 titulis,

213 1407 257 1465 ut
285 1392 448 1462 luserunt
476 1415 570 1460 anno
594 1393 775 1482 superiore
798 1406 833 1462 et
856 1389 1086 1474 luliacenses,
1127 1413 1208 1458 cum

214 1495 392 1576 dicerent,
425 1515 461 1561 se
480 1515 554 1562 non
571 1493 702 1562 inferre
719 1493 871 1577 bellum,
903 1494 964 1561 sed
983 1484 1209 1584 ἀμύνεσθαι.

214 1593 302 1668 ldeo
317 1595 461 1665 difficile
476 1607 528 1663 est
542 1595 781 1685 disputatorie
798 1618 837 1663 ea
852 1617 909 1679 re,
939 1596 983 1664 de
1003 1617 1073 1686 qua
1095 1593 1133 1660 in
1153 1613 1209 1660 se-

214 1699 332 1769 moda
358 1697 504 1788 epistola
528 1695 661 1766 scribis.
714 1693 825 1786 Saepe
850 1696 1073 1788 multumque
1094 1693 1207 1782 cogito

214 1804 261 1872 de
275 1795 405 1869 horum
422 1811 622 1888 temporum
645 1797 849 1881 discordiis,
882 1821 984 1886 saepe
1006 1797 1207 1864 universam

213 1900 342 1972 mundi
357 1896 559 1982 historiam,
585 1912 758 1991 quatenus
776 1913 869 1968 extat
886 1901 922 1965 in
944 1898 1055 1968 literis
1071 1895 1209 1964 Latinis

215 2017 253 2072 et
281 1997 445 2084 Graecis,
484 2013 625 2090 repeto,
671 2003 814 2070 confero
844 2014 979 2082 motus,
1023 1997 1209 2067 considero

214 2105 394 2175 bellorum
419 2099 577 2171 civilium
603 2101 733 2186 furias,
766 2102 974 2184 seditiones,
1007 2101 1128 2168 caedes
1150 2123 1209 2166 co-

212 2219 422 2297 gnatorum,
448 2203 541 2272 bella
557 2226 598 2272 ex
613 2203 716 2271 bellis
731 2217 824 2276 nata.
876 2201 1016 2288 Horum
1035 2201 1210 2268 malorum

213 2305 461 2396 magnitudine
483 2304 533 2373 sic
554 2321 739 2386 moveor,
756 2317 796 2373 ut
818 2327 880 2394 ego
910 2303 1052 2396 quidem
1081 2301 1211 2368 millies

213 2408 309 2478 rnori
325 2402 466 2490 malim,
492 2428 597 2498 quam
613 2406 668 2472 vel
686 2406 786 2474 iustis
803 2407 909 2474 armis
925 2403 1079 2476 defendi.
1118 2400 1211 2470 Vide

216 2522 389 2604 quantum
414 2506 565 2600 periculi
588 2531 684 2576 nunc
704 2507 749 2576 sit
767 2530 808 2574 ex
820 2502 1088 2576 Brunsvicensi
1101 2525 1211 2592 nego·

216 2615 268 2684 tio
293 2624 423 2680 ortum.
487 2605 626 2678 Deinde
646 2606 853 2697 Principum
878 2620 1025 2676 naturae
1049 2605 1212 2674 conside-

216 2713 352 2784 randae
369 2722 463 2780 sunt.
514 2707 565 2778 Ut
581 2707 682 2778 Plato
700 2711 878 2779 metuebat
894 2710 930 2778 in
946 2705 1063 2777 Dione
1085 2699 1212 2778 αὐθά-

214 2810 339 2898 δειαν,
374 2834 464 2904 quae
484 2809 627 2903 quidem
645 2811 750 2880 exitio
770 2811 802 2879 ei
823 2811 907 2882 fuit:
942 2810 991 2878 sic
1010 2832 1074 2900 ego
1096 2807 1212 2879 nostri

216 2914 328 2988 Ducis
345 2905 573 2996 αὐθάδειαν,
608 2925 642 2981 et
656 2926 821 3003 naturam
839 2906 1023 3007 ἐρωτικὴν
1029 2962 1041 2996 ,
1069 2933 1211 3004 quaese

215 3040 292 3088 non
308 3027 423 3106 potest
438 3015 615 3082 inflectere
632 3016 676 3084 ad
693 3015 896 3084 retinendas
918 3013 1108 3098 amicitias,
1136 3034 1211 3080 non

215 3141 362 3212 possum
378 3140 452 3185 non
471 3129 637 3185 metuere.
688 3109 847 3185 Alterius
865 3139 968 3198 vero,
998 3115 1097 3183 cuius
1112 3115 1212 3204 inge-

216 3220 319 3289 nium
334 3217 448 3308 pluris
463 3217 628 3300 fecimus,
654 3217 864 3286 domesticae
880 3241 934 3286 res
951 3215 1119 3285 dicuntur
1135 3238 1212 3283 ma-

216 3321 271 3412 gis
285 3319 466 3411 magisque
481 3317 693 3400 deformari,
718 3313 782 3389 καὶ
793 3313 905 3390 καινὰ
922 3310 1115 3390 σκάνδαλα
1132 3311 1212 3408 διη-

1256 917 1337 960 nem
1367 892 1473 960 etiam
1497 893 1619 982 optavi
1640 905 1779 960 nostros
1803 915 1878 959 eam
1904 890 1942 958 in
1967 889 2120 979 politicis
2143 889 2252 956 rebus

1257 1007 1451 1086 praestare,
1473 1015 1517 1060 ne
1532 993 1722 1084 aliquando
1740 1015 1877 1061 necesse
1895 1003 1984 1060 esset
1998 981 2223 1082 ἀμύνεσθαι.

1359 1124 1462 1194 Nunc
1478 1119 1742 1193 Brunsaicense
1765 1125 1944 1212 negotium
1968 1135 2002 1191 et
2024 1122 2112 1190 aliae
2137 1143 2251 1208 nugae

1257 1217 1413 1287 fortassis
1430 1226 1582 1311 aliquem
1595 1225 1789 1296 tumultum
1807 1225 2018 1294 excitabunt.
2069 1221 2139 1291 Sed
2157 1244 2253 1289 non-

1258 1321 1343 1388 dum
1368 1320 1506 1389 somnio
1533 1322 1636 1394 hella.
1688 1325 1760 1390 Nee
1781 1349 1992 1415 magnopere
2016 1347 2159 1393 moveor
2181 1317 2251 1390 hoc

1258 1434 1483 1510 argumento,
1513 1425 1625 1491 donec
1648 1421 1686 1490 iu
1710 1425 1928 1511 possessione
1951 1437 2034 1492 sunt
2056 1448 2163 1514 opum
2179 1419 2251 1493 Ec-

1258 1523 1529 1592 clesiasticarum
1548 1524 1759 1608 adversarii,
1785 1537 1941 1594 nostram
1959 1525 2178 1594 iuventutem
2193 1525 2252 1593 in-

1257 1623 1338 1714 opia
1355 1625 1524 1693 deterreri
1541 1647 1558 1714 a
1576 1625 1707 1693 nostris
1723 1627 1868 1708 studiis,
1898 1639 1932 1695 et
1955 1627 2139 1695 defuturos
2161 1649 2252 1718 pau-

1257 1725 1355 1794 latim
1383 1725 1554 1797 doctores.
1616 1725 1655 1796 si
1690 1739 1732 1796 ut
1761 1721 1931 1796 hactenus
1957 1728 2126 1818 paulatim
2153 1727 2252 1818 carpi

1258 1839 1441 1916 poterunt,
1473 1840 1508 1895 et
1522 1825 1703 1917 Principes
1724 1851 1764 1896 ac
1779 1826 1936 1920 Respub.
1959 1829 2050 1898 serio
2074 1830 2253 1898 curabunt

1256 1923 1448 2011 Ecclesiae,
1481 1951 1555 1998 nou
1576 1929 1832 2020 desperandum
1851 1930 1918 1998 erit
1933 1931 1976 1998 de
1992 1919 2128 2002 studiis.
2179 1929 2251 2001 Sed

1258 2028 1287 2097 si
1313 2051 1387 2096 non
1411 2029 1681 2116 antevertimus,
1722 2031 1862 2123 inquiet
1890 2031 2035 2124 aliquis,
2078 2032 2252 2100 exercitus

1257 2123 1398 2198 hostilis
1430 2131 1547 2199 nudos
1581 2133 1768 2222 opprimet.
1828 2130 1882 2201 Ne
1909 2128 1976 2203 hoc
2003 2133 2147 2227 quidem
2172 2132 2252 2202 fieri

1257 2242 1388 2322 potest,
1414 2230 1445 2300 si
1459 2231 1573 2302 nostri
1588 2233 1659 2304 sint
1674 2233 1871 2323 vigilantes.
1923 2233 1992 2306 Sed
2019 2234 2155 2328 quoties
2178 2233 2250 2304 iam

1258 2355 1338 2400 vere
1354 2333 1609 2424 comperimus,
1641 2347 1780 2404 nostros
1795 2336 1864 2404 sihi
1880 2335 1964 2426 ipsis
1979 2337 2120 2406 linxisse
2136 2349 2250 2406 terro·

1258 2432 1339 2502 ces?
1388 2431 1553 2528 Denique
1574 2435 1612 2504 in
1639 2459 1676 2506 re
1699 2450 1794 2506 tanta
1824 2461 1930 2529 quam
1960 2439 2072 2508 multa
2098 2451 2151 2508 tot
2178 2437 2250 2506 iarn

1258 2534 1362 2602 annis
1394 2549 1478 2605 sunt
1510 2533 1716 2628 Principum
1757 2552 1790 2608 et
1830 2541 2015 2608 doctorum
2057 2539 2251 2608 domestica

1258 2627 1479 2730 σφάλματα,
1512 2661 1602 2729 quae
1624 2663 1681 2706 me
1699 2639 1900 2730 deplorasse
1917 2665 1956 2709 ac
1972 2641 2180 2710 frementem
2195 2653 2248 2709 ta-

1257 2760 1354 2806 xasse
1369 2738 1472 2808 molti
1489 2739 1643 2810 norunt!
1696 2737 1887 2833 Postquam
1906 2741 2074 2832 igiturex
2096 2741 2168 2810 illis
2191 2765 2250 2810 er-

1258 2839 1344 2907 ratis
1365 2863 1460 2908 nunc
1480 2841 1636 2932 pericula
1658 2855 1861 2925 creverunt,
1893 2845 2052 2912 animum
2077 2865 2250 2935 praeparo

1258 2941 1303 3010 ad
1323 2941 1487 3011 ferendos
1507 2957 1652 3013 eventus
1673 2945 1914 3014 moderatione
1929 2945 2059 3037 aliqua.
2109 2942 2252 3014 Princi-

1258 3065 1319 3134 pes
1340 3056 1460 3114 nostra
1482 3045 1629 3112 consilia
1652 3069 1726 3114 non
1747 3047 1909 3116 audiunt.
1959 3044 2028 3118 Sed
2046 3058 2079 3114 et
2095 3059 2178 3115 aute
2196 3046 2251 3116 fui
2349 3089 2350 3092 =

1260 3144 1309 3212 eis
1330 3139 1492 3214 hortator
1514 3145 1558 3214 ad
1583 3147 1879 3231 moderationem,
1914 3160 1950 3216 et
1971 3143 2087 3216 adhuc
2112 3171 2192 3231 ero,
2220 3147 2252 3216 si

1260 3245 1339 3337 quis
1361 3246 1428 3314 erit
1451 3245 1560 3319 locus.
1613 3245 1810 3316 Metuerem
1829 3249 2102 3318 inconstantiam
2120 3249 2252 3318 volun·
2348 3299 2349 3327 ,

1260 3361 1370 3416 tatum
1393 3347 1430 3414 in
1455 3347 1678 3438 potentibus,
1717 3351 1923 3440 praesertim
1944 3367 2042 3421 moto
2064 3349 2179 3433 hello,
2212 3373 2253 3418 ac

216 3411 495 3538 Τοῦνωιπνέςξ
524 3419 1019 3538 ἿΠΫΘῙῘῙἾΠῙΥΕῈΘῙΕΟΡῘΉῙΠῚ
1036 3417 1212 3500 &milit
1260 3447 1504 3537 multomagis
1528 3450 1730 3536 victoriam,
1765 3451 1903 3520 etiamsi
1927 3445 2138 3520 haberemus
2152 3447 2252 3520 Con·
2347 3475 2348 3543 l

215 3539 425 3596 ulsfinafes·
456 3516 1211 3613 3¹⁰¹d¹t⁰¹E⁰⁶le⁵¹⁰l³⁰¹¹⁰⁵lf³⁰”leymba
1258 3549 1433 3618 stantinos
1447 3563 1480 3622 et
1496 3545 1729 3626 Theodosios.
1779 3550 1884 3624 Nunc
1901 3577 1981 3623 cum
1998 3552 2070 3622 siut
2087 3552 2126 3620 in
2143 3551 2254 3646 sylvis
2346 3625 2347 3630 ἵ

216 3627 257 3696 ἰῃ
279 3625 447 3694 simibus
466 3623 673 3707 ⁸inefem⁰²
699 3619 910 3718 δίῃθνε102)
927 3624 1121 3703 iactam&
1146 3643 1211 3689 ¹¹⁰²
1259 3652 1353 3720 inter
1368 3665 1553 3722 venatores
1570 3667 1604 3724 et
1619 3667 1804 3724 centauros
1819 3677 1901 3724 suos
1926 3654 2072 3738 nutriti,
2102 3667 2137 3724 et
2159 3655 2252 3724 illud

217 3721 570 3816 ⁰⁰h⁵i¹iiquidqu³m
589 3717 732 3842 Pabfm‘
774 3721 1213 3842 Idemdidtnffit‘rffmi‘
1258 3749 1417 3848 πρέπον,
1454 3755 1551 3846 quod
1572 3755 1612 3822 in
1636 3769 1731 3826 tanta
1761 3779 1863 3826 causa
1887 3769 2042 3848 spectare
2065 3756 2254 3846 praecipue
2345 3817 2346 3852 p

218 3821 479 3912 ⁰¹¹⁸I⁰⁶⁰b”⁸’
505 3823 1211 3918 q¹¹⁰t¹⁰⁸¹⁰⁰¹¹¹¹¹⁵³¹¹¹⁰¹¹²md⁰¹³b¹ffln
1260 3857 1474 3938 debuerunt,
1507 3879 1693 3948 nunquam
1718 3859 1890 3940 curarint,
1926 3872 1986 3928 ant
2009 3871 2100 3927 certe
2125 3857 2254 3930 leviter

219 3929 319 4022 Quid
344 3929 453 4020 igitur
473 3927 694 4012 faciendum,
726 3927 869 4020 inquis?
918 3925 1032 3997 Nobis
1056 3926 1209 3997 doctori·
1259 3957 1435 4040 cumin„
1459 3957 1546 4049 quid
1563 3971 1678 4047 potest
1693 3959 1742 4026 eis
1759 3959 1899 4028 consilii
1913 3960 2017 4032 dari?

217 4035 287 4104 hus
310 4031 480 4123 explicata
506 4025 634 4126 ratio')
653 4044 715 4100 est.
761 4025 959 4099 Doceamus
974 4029 1155 4098 moderate
1172 4049 1212 4095 ac

219 4133 342 4216 utilia,
380 4134 493 4200 donec
514 4129 610 4200 Deus
642 4129 747 4200 nobis
771 4130 1063 4222 tranquillitatem
1087 4149 1212 4196 conce-

220 4233 295 4318 dit,
323 4244 442 4324 postea
467 4231 619 4299 cervices
643 4231 864 4320 porrigamus
886 4253 947 4298 scu
971 4228 1112 4308 alienis,
1152 4249 1212 4294 seu

220 4335 364 4406 nostris.
415 4328 492 4420 Ego
517 4355 591 4400 non
613 4333 727 4400 solnm
749 4331 882 4400 bellum
907 4344 939 4400 et
956 4331 1110 4418 incertos
1127 4325 1214 4396 belli

221 4458 339 4519 casus,
362 4434 424 4502 sed
441 4432 547 4502 etiam
562 4432 745 4500 victoriam
761 4444 892 4504 metuo.

324 4534 424 4624 Quid
438 4535 482 4602 de
496 4531 701 4614 Centauris,
723 4527 790 4600 hoc
807 4547 874 4612 est,
902 4533 946 4600 de
962 4529 1140 4622 equitibus
1156 4526 1213 4596 di-

222 4638 323 4711 cam?
373 4633 479 4706 Nunc
501 4659 581 4704 cum
603 4633 815 4703 iudiciorum
838 4645 873 4701 et
894 4633 1011 4721 legum
1026 4629 1141 4698 minae
1156 4641 1215 4698 ut·
1432 4687 1465 4761 Α
1512 4691 1521 4708 ,
1632 4694 1679 4712 ..
1890 4699 1899 4716 ·

223 4761 362 4834 cunque
376 4736 601 4828 rapacitates,
626 4747 660 4803 et
675 4733 855 4802 saevitiam
873 4755 996 4801 eorum
1012 4725 1215 4821 prohibent,
1263 4693 1381 4781 ¹⁰⁰3&
1467 4692 1601 4763 ‘bum‘
1614 4695 1682 4764 ⁰¹³¹
1695 4721 1836 4790 ‘lumin‘
1853 4723 1957 4768 ¹¹¹¹⁵⁸2
1973 4712 2045 4770 ⁶⁵⁵0
2061 4701 2232 4794 empla-

223 4845 322 4913 vides
342 4862 433 4934 pene
454 4835 694 4907 intolerabiles
715 4857 802 4903 esse:
831 4834 918 4925 quid
939 4835 1099 4902 futurum
1116 4842 1215 4911 esset,
1363 4821 1536 4892 Turcicus
1553 4823 1745 4918 Tyrannus
1762 4832 1854 4902 redit
1870 4833 1907 4900 in
1925 4827 2131 4908 Thraciam.
2181 4831 2259 4904 Bo-

224 4945 254 5016 si
285 4965 354 5039 qua
384 4940 501 5020 clades
532 4938 767 5029 acciperetur,
806 4934 914 5028 quid,
956 4933 986 5002 si
1009 4929 1217 5026 vincerept?
1263 4915 1419 4992 hemicae
1435 4924 1555 5015 copiae
1569 4925 1714 5000 domum
1732 4933 1925 5006 redierunt.
1968 4931 2068 5003 Deus
2082 4933 2173 5004 adsit
2189 4957 2259 5005 no-

1360 4085 1458 4156 Haec
1472 4089 1595 4181 scripsi
1612 4089 1871 4182 simplicissimo
1886 4093 2026 4176 animo,
2050 4115 2089 4162 ac
2104 4105 2139 4162 te
2154 4115 2254 4182 rogo,

1260 4201 1300 4258 ut
1328 4211 1410 4257 cum
1438 4187 1563 4276 legeris
1593 4215 1784 4282 concerpas
1811 4193 1995 4284 epistolam
2012 4189 2053 4288 ⁴).
2118 4191 2255 4285 Scripsi
2343 4231 2344 4234 ¹

1261 4287 1356 4357 enim
1384 4303 1425 4360 ut
1452 4289 1518 4360 tibi
1548 4315 1662 4360 meam
1686 4295 1911 4384 opinionem,
1953 4294 2254 4388 quemadmodum

1261 4391 1409 4480 petiisti,
1440 4389 1685 4478 significarem.
1744 4393 1819 4463 lam
1843 4395 1882 4464 in
1906 4390 1973 4465 hoc
1997 4397 2074 4488 ipso
2102 4396 2253 4466 articulo

1261 4491 1378 4580 accepi
1398 4481 1649 4560 aColoniensi
1670 4491 1835 4586 Principe
1856 4489 1974 4566 literas
1997 4511 2031 4567 et
2052 4496 2255 4588 exemplum

1261 4591 1498 4660 ordinationis
1526 4593 1647 4662 addita
1669 4587 1895 4692 Gropperr'co
1926 4598 2140 4670 refutatione
2169 4599 2256 4668 satis

226 5152 449 5170 ...nunu—-

260 5291 289 5352 2)
308 5285 409 5360 Spaub.
426 5283 526 5340 ediditr
542 5283 625 5349 uelis,
641 5277 688 5333 sed
702 5277 802 5349 legitur
816 5275 884 5331 uelo.
991 5343 998 5350 ι

259 5373 403 5445 Mutae
415 5369 478 5426 libri
495 5367 529 5422 Vl
554 5383 601 5424 res
633 5361 763 5420 mendose
1299 5279 1328 5348 ⁴)
1347 5277 1410 5333 th.
1429 5279 1494 5349 ΨΜ
1512 5283 1608 5339 '⁰⁶⁸⁰'
1629 5286 1672 5341 ‘³5⁸
1689 5289 1716 5342 d·
1737 5293 1763 5344 4.
1777 5289 1848 5351 Nov-
1863 5292 2023 5350 Camerario
2041 5294 2138 5352 saibit
2156 5297 2189 5353 de
2209 5297 2263 5357 luc

348 5393 356 5427 l
533 5408 540 5425 .
608 5406 618 5444 ‚
765 5402 773 5417 ,

1335 5346 1456 5416 epistola.
