4654 5804
72 199 141 276 en
640 188 1074 272 arrsronanuu
1124 195 1320 296 eran.
1374 197 1503 280 1545.
2024 226 2098 300 aas

73 369 165 442 vobis
187 381 293 442 notae
321 383 423 456 sunt,
447 379 491 440 et
511 368 753 440 narrationem
776 367 879 438 nobis
902 363 1058 452 missam,
1108 366 1163 438 lae
1179 367 1463 447 Soltwedelensi.
1514 372 1562 447 Et
1586 395 1724 466 narrat,
1751 405 1833 454 suae
1856 387 2008 462 familiae
2030 397 2097 464 ali-

72 472 164 542 lratri
187 467 346 542 exbiberi
361 473 463 556 volo,
486 495 526 540 ac
549 465 639 540 mihi
655 469 846 560 significari
868 468 956 562 qnid
973 491 1057 538 cen·-
1108 471 1194 562 quid
1209 471 1298 541 iuris
1315 473 1352 542 in
1372 474 1446 544 eius
1462 481 1648 550 sacerdotii
1664 483 1852 556 collatione
1866 489 1984 566 luisse.
2025 495 2096 568 Sed

72 573 610 664 seatagendumessedcinceps·
650 569 789 662 Rogavi
804 563 1057 653 Macedonem,
1108 573 1151 640 de
1176 571 1252 641 iure
1275 569 1368 642 nihil
1389 577 1542 668 disputo.
1600 579 1679 652 Iloc
1700 559 1866 673 adfirmo,
1890 585 2095 690 liopertum

71 689 106 746 nt
128 675 218 766 ipsc,
252 675 315 767 qui
341 675 470 744 melius
497 673 697 764 prospicere
720 684 834 763 potest
863 673 963 740 inre
994 671 1056 740 tali
1106 686 1253 763 propter
1277 675 1412 765 ingenii
1439 679 1530 766 vim,
1563 685 1799 756 eruditionem
1830 704 1865 760 et
1892 697 2097 780 gravitatem

71 777 150 870 quid
174 777 367 857 conducat,
392 774 468 845 vias
492 789 527 845 et
549 775 702 846 rationes
726 773 903 844 liberandi
919 769 1056 842 Hiero-
1106 798 1247 844 morum
1271 777 1418 866 dignum
1436 802 1527 865 esse,
1553 785 1616 876 qui
1634 783 1756 857 Vestra
1773 795 1979 864 auctoritate
1995 797 2095 868 iuve-

73 874 172 972 nymt'
196 889 352 970 quaerat.
420 877 488 946 Sed
515 876 637 956 illurn,
671 888 712 946 nt
737 875 909 958 arbitror,
942 873 1054 942 multa
1106 887 1176 955 tur,
1194 899 1234 946 ac
1248 880 1378 967 poterit
1391 865 1471 949 usui
1486 905 1558 952 esse
1572 885 1752 978 aliquanto
1766 906 1845 980 post
1858 893 1895 961 in
1911 896 2094 970 functione

72 979 283 1073 impediunt,
314 999 404 1072 quac
429 1001 504 1048 non
529 977 612 1048 volo
634 999 828 1050 recensere.
876 971 1054 1064 Coniugio
1106 976 1347 1048 ecclesiastica.
1374 975 1452 1050 Oro
1468 983 1586 1072 igitur,
1603 1001 1643 1057 ut
1658 989 1852 1078 perficiatis,
1868 1008 1908 1066 ut
1924 995 2094 1071 lllustris-

73 1079 173 1166 igitur
195 1079 239 1148 ad
263 1078 363 1147 illam
394 1093 551 1150 nostram
575 1077 740 1148 usitatam
765 1075 1055 1162 consolationem,
1105 1075 1187 1145 simi
1207 1076 1383 1172 Principis
1408 1079 1628 1158 Marehionis
1645 1085 1819 1162 Electoris
1842 1107 1905 1168 etc.
1929 1097 2094 1192 benigni„

72 1171 178 1248 Pater
199 1187 231 1247 et
247 1187 365 1248 muter
387 1171 656 1276 dereliquerunt
673 1179 747 1264 me',
773 1173 963 1247 Dominus
984 1199 1053 1245 au·
1104 1190 1175 1248 tate
1206 1183 1418 1252 concedatur
1447 1186 1523 1254 seni
1557 1192 1746 1278 sacerdoti,
1778 1197 1955 1267 avunculo
1984 1196 2091 1272 huius

74 1287 134 1349 tun
156 1278 313 1378 suscepit
330 1301 396 1354 mc.
446 1279 632 1374 Respondi
651 1281 695 1350 de
721 1279 927 1372 quaestione
949 1279 1053 1348 nobis
1103 1271 1283 1382 Ruperti,
1316 1297 1355 1352 ut
1377 1278 1460 1354 huic
1480 1285 1601 1357 inveni
1628 1291 1779 1382 resignet
1802 1301 2036 1372 sacerdotium
2058 1319 2092 1376 et

71 1381 264 1474 proposita,
289 1405 438 1476 sumque
454 1383 603 1452 miratus
620 1381 802 1452 audaciam
820 1403 962 1470 eorum,
991 1379 1053 1472 qni
1104 1381 1322 1451 adsentiatur
1348 1381 1611 1458 illustrissimus
1633 1387 1817 1488 Princeps,
1857 1412 1899 1468 ut
1924 1395 1982 1471 hic
2003 1399 2091 1474 Ru·

73 1481 340 1577 Magistratuum
363 1495 479 1554 errata
505 1496 672 1552 excusant
698 1496 887 1576 praetextu·
903 1480 1053 1571 exempli
1102 1489 1225 1576 pertus
1249 1477 1316 1554 hoc
1337 1488 1572 1588 sacerdotium
1593 1503 1720 1564 teneat.
1783 1495 1981 1570 Scriberem
2004 1531 2089 1596 pro.

73 1581 226 1657 Mosaici.
279 1583 319 1656 Si
336 1585 434 1655 ludet
450 1579 518 1653 hoc
538 1587 646 1654 modo
663 1585 866 1676 posteritas,
891 1581 977 1676 quid
995 1581 1052 1651 fu·
1102 1581 1227 1666 lixius,
1252 1585 1322 1654 nisi
1341 1609 1520 1676 parcerem
1538 1594 1829 1683 0ccupationibus
1845 1597 1990 1678 Vestris.
2041 1605 2089 1678 Et

72 1700 182 1756 turum
207 1685 286 1756 est?
317 1683 387 1756 Sed
408 1683 525 1754 Deum
547 1709 630 1772 oro,
656 1699 704 1770 ⁸ut
726 1699 822 1776 regat
848 1683 1051 1754 docentium
1103 1707 1182 1754 cum
1202 1684 1275 1754 Vos
1298 1686 1366 1776 ipsi
1382 1680 1590 1785 Rupertum
1613 1693 1797 1784 videbitis,
1824 1717 1968 1793 propter
1992 1706 2089 1797 inge.

72 1799 214 1871 mentes,
238 1799 274 1856 et
293 1798 334 1856 ut
357 1783 483 1856 Esaiae
506 1786 623 1856 verbis
647 1801 744 1872 utar,
771 1781 961 1886 σφραγίσῃ
983 1779 1052 1856 τὸν
1102 1785 1204 1854 nium
1219 1786 1294 1854 eins
1308 1788 1460 1858 libenter
1476 1815 1558 1862 eum
1574 1794 1799 1873 adiuvabitis.
1856 1799 1953 1875 Bene
1969 1809 2091 1880 valete.

72 1881 182 1979 νόμον
196 1887 237 1958 ἐν
251 1889 330 1968 τοῖς
341 1886 532 1980 μαθηταῖς
547 1885 676 1960 αὐτοῦ.
1101 1883 1169 1958 Die
1183 1885 1228 1961 X.
1244 1885 1349 1965 Febr.
1368 1887 1478 1966 1545.

83 1999 89 2006 '
163 1987 274 2060 Mitto
302 1990 369 2060 tibi
399 1987 659 2060 enarrationem
688 1987 817 2078 Quinti
840 1981 1050 2062 Etbicornm
1600 1992 1789 2091 Philippu,
1815 2001 2041 2083 Melantho,

73 2110 182 2158 veram
198 2103 231 2160 et
245 2113 321 2159 non
336 2091 532 2174 insuavem,
554 2090 654 2160 cuius
669 2090 856 2160 lectionem
871 2089 1049 2158 interdum

75 2189 237 2280 voluptati
262 2190 330 2262 tibi
349 2215 423 2261 esse
445 2191 609 2283 optarim.
660 2179 839 2260 Carnium
855 2189 1051 2282 lmperato-
1105 2189 2091 2251 ἼἬ-ᾕ-’Ὰ

75 2311 140 2357 rem
164 2291 366 2362 existimant
388 2305 578 2361 venturum
608 2315 681 2363 esse
706 2295 751 2362 ad
774 2291 991 2362 conventum'
1011 2291 1050 2359 in
1099 2305 1168 2381 No,
1184 2307 1296 2378 3137,
1928 2343 1969 2402 13
2001 2339 2077 2399 ΜΓ

75 2391 154 2460 nrbe
173 2388 650 2484 Vangionuminchoatum.
700 2393 842 2464 Nollem
864 2393 1049 2484 pecuniam
1109 2403 1281 2434 *Ν
1922 2384 2093 2456 κέν’-ζ.

75 2487 156 2560 mihi
169 2493 312 2562 missam
334 2517 406 2563 esse
423 2495 467 2564 ab
489 2489 736 2566 honestissima
753 2493 902 2584 coniuge
917 2490 1050 2564 Hiero-
1384 2481 1442 2603 Α
1475 2513 1798 2608 Lauterbachio

75 2591 185 2686 nymi,
211 2607 246 2664 et
261 2609 293 2664 te
308 2595 427 2666 decuit
450 2617 523 2664 non
538 2595 705 2688 accipere.
755 2593 853 2664 Bene
871 2595 960 2668 vale.
993 2595 1051 2663 die
1801 2586 1812 2611 ⁸

77 2689 369 2791 ventumst).
1189 2677 1803 2766 ennonsneoa.c0n,190„,„5‚

602 2791 758 2889 Philipp·
775 2791 1001 2870 Mfllffllhffl·
1140 2830 1232 2905 Dm.
1255 2829 1460 2910 Antonio
1485 2835 1806 2942 Lautorum,
1830 2851 1938 2938 Post.
1954 2845 2056 2938 Eccl.

1515 2937 1683 3024 Pt'rnens.

91 3133 101 3160 γ
420 3139 424 3146 ,
614 3127 619 3143 ,
1105 3051 1149 3140 S.
1175 3069 1219 3146 D.
1271 3068 1344 3140 Nec
1361 3093 1424 3160 ego
1439 3073 1548 3142 ullam
1569 3101 1642 3146 rem
1666 3079 1772 3152 aliam
1791 3087 1972 3184 ardentius
1991 3088 2077 3192 'opto

73 3133 253 3259 Q·
355 3155 361 3185 ¹
884 3132 1055 3254 Q
1105 3197 1212 3266 quarn
1226 3187 1268 3243 ut
1288 3195 1369 3241 vere
1384 3172 1568 3246 invocetur
1583 3175 1679 3250 Dens
1701 3196 1734 3253 et
1758 3187 1954 3266 celebretur
1975 3159 2090 3272 domi:

376 3311 416 3400 L
449 3313 733 3404 Weinlattbt'o
1105 3298 1174 3345 nus
1202 3287 1322 3444 elcoster
1354 3269 1636 3446 Iesusthristus
1660 3295 1695 3352 et
1717 3287 1877 3362 doctrina
1901 3292 2089 3392 Evangelii

734 3379 744 3402 ⁸
1132 3400 1195 3446 nra
1228 3391 1282 3446 ate
1328 3401 1517 3446 roaenr
1559 3395 1626 3451 ets

139 3477 176 3532 n
194 3485 300 3548 autogr.
325 3473 397 3528 uer.
415 3472 445 3526 n
463 3472 527 3528 eoa.
549 3473 662 3528 senen
685 3471 784 3528 nens.
807 3489 850 3545 ep.
868 3471 913 3528 se.
931 3470 1003 3527 eun
1026 3471 1055 3526 n
1105 3401 1326 3562 iteritatem?
1345 3399 1441 3570 qlod
1464 3492 1504 3550 nt
1523 3433 1587 3552 ’fiat
1605 3400 1769 3573 fritilli?
1790 3393 2004 3590 {3312ng
2011 3431 2087 3591 '1³3

171 3541 674 3616 Wegseteiderit’rogr.tt.ep.11·
1105 3577 1202 3649 Deus
1224 3579 1427 3670 principum
1450 3604 1489 3648 ac
1512 3583 1697 3654 doclol'ttm
1720 3606 1852 3669 menies
1874 3617 1980 3690 regal.
2004 3653 2011 3662 .
2032 3605 2087 3680 Ex

79 3684 298 3766 Clarissimo
324 3691 402 3763 viro
427 3689 612 3779 doctrina,
646 3691 774 3762 virtute
804 3700 836 3760 et
856 3686 1055 3789 prudentia
1104 3682 1223 3750 animo
1238 3679 1360 3756 laetor,
1379 3676 1515 3748 Ducem
1529 3677 1756 3756 Macrinum
1773 3705 1843 3761 tam
1859 3696 1995 3772 illustre
2009 3730 2090 3797 spe-

77 3796 280 3890 praestanti
294 3791 508 3864 DominoI
522 3788 735 3863 ohanni
766 3789 839 3864 W
835 3787 956 3862 et'nl
967 3816 992 3860 a
1010 3815 1056 3876 νυ,
1105 3781 1221 3849 clmen
1248 3779 1413 3897 l'fflhfffff
1437 3780 1504 3870 pii,
1544 3781 1627 3856 iusti
1649 3802 1684 3859 et
1705 3787 1876 3864 moderati
1905 3804 2085 3898 principis,

80 3889 310 3971 Cancellurr'o
330 3893 591 3966 Illustrissimi
611 3891 799 3991 Principis
815 3887 1054 3964 Marchionr's
1104 3879 1237 3968 Μὸεΰθ
1260 3883 1435 3968 Pf³¹⁰⁸1d¹0
1459 3882 1617 3954 futurum
1640 3911 1742 3981 spero
1766 3907 1799 3962 et
1819 3893 2031 3976 Germaniae
2052 3926 2087 3981 91
2162 3895 2168 3905 “

335 3994 519 4067 Empori,
535 4006 566 4067 ιι
582 3996 699 4068 amico
713 4020 791 4066 suo.
1051 3991 1056 4008 ¹
1102 3977 1279 4050 Ecclesiae
1294 3976 1373 4064 Dei,
1394 4005 1501 4073 quare
1514 3981 1630 4054 Deum
1647 4013 1903 4081 precemur,.ut
1919 4027 1998 4073 curn
2014 4033 2088 4079 ser-

1203 4093 1215 4150 t
1232 4093 1401 4172 perpetuo
1416 4085 1598 4170 gubernet.

1204 4181 1256 4252 De
1280 4197 1456 4298 conventu
1477 4183 1516 4252 in
1536 4187 1624 4256 urbe
1646 4184 1886 4288 Vangionum
1905 4209 1998 4276 etde
2020 4193 2087 4304 SJ-

1104 4285 1200 4354 nodo
1223 4282 1436 4353 Tridentina
1460 4309 1556 4355 nunc
1578 4289 1758 4364 silentium
1783 4313 1845 4374 est.
1895 4299 2085 4382 liutherus

1104 4387 1254 4455 edomat
1274 4384 1461 4474 scriptum,
1494 4411 1564 4480 quo
1592 4392 1720 4464 refutat
1739 4393 1935 4488 Epistolam
1958 4408 2099 4484 Ponti-v

84 4539 348 4610 commendanti.
408 4533 498 4606 Nam
521 4550 555 4606 et
584 4532 647 4604 hae
675 4535 719 4604 ad
742 4533 917 4624 rempubl.
945 4531 1056 4622 perti·
1103 4487 1218 4556 ficiam
1240 4487 1283 4556 ad
1307 4482 1474 4556 cardum
1500 4487 1703 4589 mimmii·
1748 4497 1856 4572 ’Βθῐῑθ
1874 4511 1950 4578 vale
1972 4527 2006 4584 et
2030 4540 2085 4585 re-

84 4654 170 4708 nent.
228 4640 399 4711 Sacerdos
432 4650 484 4706 est
514 4637 552 4706 in
584 4629 801 4716 Soltwedcl,
838 4625 1056 4703 lonchimus
1104 4586 1228 4658 mille·
1279 4583 1347 4656 Die
1364 4585 1635 4662 15·Feb¹¹¹³rfi·

85 4729 210 4824 Fiant,
236 4741 297 4860 qui
310 4737 543 4809 sacerdotium
559 4761 660 4807 suum
679 4737 855 4828 resignare
871 4733 969 4852 cupit
981 4734 1055 4804 filio
1206 4788 1401 4859 Salutem
1428 4803 1461 4860 ω
1477 4772 1543 4859 Βῶ
1583 4785 1675 4862 ΑΜ,
1838 4761 1843 4776 .
1891 4707 1929 4779 Ρ.
1951 4713 2002 4787 Μ.

86 4859 158 4908 suae
178 4867 308 4912 sororis
322 4834 488 4936 liuperto
503 4833 658 4930 Krunge
674 4821 967 4922 Soltvvedelensr,
992 4836 1057 4906 do·
1402 4812 1424 4880 Ρ
1545 4817 1566 4864 ⁰
1659 4819 1732 4870 ¹⁰⁰·

85 4952 133 5008 cto
149 4939 286 5013 homini
300 4955 335 5014 et
349 4942 514 5032 facundo,
541 4940 602 5034 qui
618 4938 772 5010 triennio
789 4938 942 5030 praefuit
955 4933 1058 5008 scho-

80 4109 120 4200 S.
145 4131 187 4203 D.
239 4129 442 4203 Clarissime
456 4131 531 4216 vir,
555 4131 627 4200 scio
644 4153 717 4199 non
734 4142 864 4198 temere
886 4126 1054 4218 interpel-
1104 4095 1199 4152 veie

82 4232 197 4304 landos
214 4257 287 4304 esse
302 4255 379 4316 eos,
405 4232 468 4326 qui
486 4231 663 4324 'rempubl
684 4231 902 4320 gubernant,
930 4237 968 4299 ct'
984 4229 1054 4298 Vos

82 4359 233 4423 magnam
253 4335 383 4405 molem
401 4335 620 4421 negotiorum
636 4333 807 4404 sustinere
823 4354 895 4398 non
919 4329 1054 4418 ignoro.

19 4437 24 4444 '
83 4433 146 4505 Sed
169 4461 271 4529 spero
291 4432 380 4505 mibi
402 4435 539 4503 veniam
562 4433 658 4519 dari,
691 4455 811 4502 causas
834 4427 1055 4500 scholasticas

1145 5063 1338 5134 *llipistolam
1364 5059 1502 5116 Pontificio
1527 5062 1561 5116 ad
1588 5063 1717 5124 Carolnm
1742 5073 1795 5130 vid.
1818 5078 1845 5130 in
1863 5079 1938 5154 Opp.
1955 5085 2034 5144 Loth.
2050 5095 2094 5148 ed,

88 5136 298 5157 --......
1184 5131 1299 5186 walch.
1320 5128 1405 5183 XVll.
1424 5147 1452 5202 p.
1476 5129 1551 5184 1259.
1575 5133 1627 5188 cni
1646 5141 1774 5266 Ἣὲιυίῑ
1792 5145 1925 5206 Lutbcrus
1942 5157 2093 5230 scriptum:

120 5271 135 5300 θ
200 5275 205 5288 Ι
484 5277 499 5292 ..
590 5274 597 5288 ι
766 5269 814 5286 ..
983 5271 999 5286 ..
1184 5201 1243 5282 mot
1267 5199 1409 5268 parturn
1433 5213 1464 5267 au
1487 5198 1556 5258 uon
1580 5215 1639 5262 nom
1721 5211 1755 5332 Lu
1776 5215 1882 5295 getttttet
1906 5220 1979 5286 (ann.
1998 5229 2096 5300 ttae),

137 5273 221 5334 >Aba
241 5293 336 5328 manne
350 5275 497 5330 Petruam
515 5273 627 5338 delent,
644 5281 670 5325 et
688 5271 844 5344 adscrrpsrt:
875 5265 1065 5344 ‚Martum-
1184 5268 1315 5392 Pnncep's
1334 5265 1442 5322 Elector
1459 5275 1604 5339 optaverat,
1621 5282 1652 5327 ut
1669 5273 1720 5329 Lot
1740 5297 1801 5335 erus
1817 5283 1919 5354 aliquid
1937 5291 1994 5348 eius
2012 5314 2098 5364 gene.

151 5360 185 5395 m
204 5344 305 5408 ¹545,
322 5355 353 5400 m
370 5346 453 5401 “im
471 5343 640 5402 ommia,
658 5339 752 5396 ,dapib
1043 5399 1048 5412 ,
1188 5338 1290 5394 cineri
1312 5343 1383 5399 eret;
1401 5333 1454 5388 vid.
1466 5355 1508 5407 ep.
1519 5335 1607 5398 Elcot.
1623 5343 1649 5400 d.
1664 5344 1706 5399 16.
1716 5345 1772 5403 lan.
1785 5349 1936 5414 etPontani
1948 5361 1974 5420 d.
1984 5361 2028 5420 20.
2041 5367 2097 5426 lan.

1423 5405 1510 5480 ts·
