4754 5806
101 1302 102 1305 Ἴ
224 1229 284 1296 ut,
310 1215 406 1306 quod
423 1214 595 1304 petimus,
622 1213 861 1305 impetremus,
885 1228 990 1307 teque
1006 1215 1213 1300 existimato,

210 205 260 280 so
788 189 1226 282 uersrouanuu
1282 205 1389 285 orn.
1421 203 1490 282 rx.
1544 195 1675 283 1543.
1991 246 1996 252 -
2203 215 2255 284 ιο
2369 153 2370 178 ¹

247 441 254 463 ,
318 369 431 441 Nobis
450 381 567 440 autem
591 367 765 460 profuisse
786 367 885 440 illam
915 341 1207 444 instaurationem
1260 371 1326 442 bus
1346 370 1563 455 adscribere,
1595 386 1636 442 ut
1659 395 1736 442 mea
1760 397 1862 444 causa
1889 375 2036 444 labores.
2086 371 2162 446 Etsi
2187 379 2254 446 ali-
2369 343 2370 384 ἶ

221 485 367 546 constat.
419 470 525 544 Tunc
546 471 641 540 enim
665 470 705 540 in
726 467 865 542 Italiam
888 469 1019 544 Graeci
1037 474 1210 564 importa-
1261 473 1347 567 quid
1362 472 1472 542 studii
1488 473 1616 542 addere
1631 484 1665 542 te
1681 475 1762 544 volo
1779 499 1856 544 mea
1873 499 1994 560 causa,
2021 490 2138 546 tamen
2153 477 2253 554 scias.

218 587 305 644 runt
325 573 523 644 doctrinam
551 572 738 644 cultiorem
761 566 799 640 T
800 571 1050 669 raperentur,
1083 567 1210 659 Gaza,
1261 587 1401 646 tantum
1425 573 1497 642 vim
1521 574 1676 662 ingenii,
1701 589 1835 646 tantam
1858 577 2097 648 eruditionem
2118 575 2254 648 Hiero·
2369 583 2370 664 ξ

221 667 437 756 Lunares,
463 666 730 769 ArgyropoliS,
757 667 1029 746 Tarchoniotes
1050 673 1212 767 etmulti
1262 675 1362 770 nymi
1382 667 1473 759 esse}
1504 686 1637 744 tanum
1667 699 1808 748 morum
1838 679 2061 768 gravitatem,
2091 692 2133 750 nt
2159 680 2252 748 nulli

224 777 297 848 alii.
347 774 518 865 Quareet
532 798 599 846 nos
619 776 801 846 foveamus
822 775 973 866 ingenia.
1024 774 1073 849 Et
1093 791 1212 850 tamen
1262 776 1391 848 iustius
1436 775 1627 846 collaturos
1673 801 1737 849 vos
1781 779 1999 870 stipendium
2043 780 2253 854 existimem.

223 901 326 970 spero
342 873 572 966 Germaniam
589 897 829 969 repressorem
851 901 924 950 esse
940 878 1088 954 Turros.
1140 877 1211 950 sea
1263 877 1397 968 Magno
1412 877 1480 948 crit
1495 889 1703 948 ornamento
1726 879 1861 971 patriae
1886 893 2030 971 propter
2043 872 2254 950 Doctrinam

220 975 308 1050 haec
328 977 425 1054 alias.
682 1009 687 1026 =
1265 974 1570 1063 Mathematicam,
1592 992 1736 1070 propter
1751 1004 1857 1077 quam
1871 981 1993 1052 civitas
2009 996 2123 1054 vestra
2137 983 2254 1052 omni-
2369 1015 2370 1042 ι

288 1092 377 1182 ‘De
392 1107 638 1206 Hieronymo,
661 1125 834 1206 quantum
854 1125 972 1204 pope„
997 1111 1213 1198 contendito,
1264 1081 1332 1150 bus
1348 1080 1497 1151 eruditis
1511 1079 1625 1150 carior
1645 1094 1708 1154 est.
1760 1079 1882 1170 Quid?
1914 1084 2009 1176 quod
2031 1107 2147 1153 mores
2169 1098 2254 1154 sunt

224 1309 315 1384 mihi
331 1339 406 1385 rern
420 1315 656 1404 gratissimam
669 1315 844 1386 facturum
859 1337 952 1399 esse,
977 1315 1008 1383 si
1022 1311 1114 1386 hanc
1130 1338 1213 1385 cau-

224 1439 299 1488 sam
327 1415 515 1506 diligente„
543 1429 578 1486 eg
605 1407 795 1498 σνννόνων
824 1412 895 1502 ναὶ.
917 1413 1071 1498 ἐννννῶς
1090 1418 1212 1508 egeris·
1264 1383 1417 1454 amicitia
1446 1395 1498 1454 est
1511 1407 1527 1468 ,¹
1569 1403 1671 1500 quae·
1691 1383 1827 1454 utinam
1858 1385 1970 1503 possit
2000 1386 2034 1456 ei
2067 1377 2250 1506 prodesse!

224 1515 323 1588 Bene
339 1519 428 1594 vale,
477 1517 623 1596 Die-15,
637 1515 743 1592 Febr·
887 1509 889 1514 ’
1266 1483 1438 1574 Magnum
1452 1506 1510 1552 me
1524 1483 1735 1554 beneticrum
1752 1487 2000 1581 acceptes-eabe
2018 1500 2052 1556 te
2074 1488 2253 1572 rudrcabo,

735 1644 924 1743 Philippus
937 1645 1161 1740 Melanthea.

1265 1687 1439 1776 intelliges
1452 1683 1668 1776 stipendium
1683 1683 1918 1758 inhominem
1941 1688 2164 1780 ingeniosum
2179 1691 2253 1760 uti-

1264 1181 1460 1268 eiusmodi,
1496 1193 1538 1251 ut
1558 1180 1672 1250 civem
1694 1203 1853 1270 gravem,
1892 1197 1928 1254 et
1948 1183 2096 1276 dignum
2120 1186 2254 1276 patriae
2369 1251 2370 1260 ,

1263 1284 1339 1354 fore
1362 1282 1528 1356 iudicem.
1584 1277 1735 1374 Propter
1766 1278 1829 1354 has
1850 1308 1971 1355 causas
1992 1279 2083 1378 mihi
2106 1309 2188 1356 cum
2211 1288 2261 1356 eo'
2369 1349 2370 1370 ,

1266 1587 1295 1656 si
1316 1585 1557 1679 Hieronymus
1584 1583 1804 1675 impetrabit,
1835 1590 1930 1680 quod
1957 1589 2127 1680 petimus,
2161 1603 2196 1660 ct
2215 1604 2256 1662 tu
2369 1621 2370 1648 ι

226 1817 1206 1856 ...s-W*
1265 1787 1348 1859 liter
1375 1785 1586 1860 collocatum
1615 1809 1700 1868 esse.
1758 1785 1857 1859 Bene
1880 1789 1969 1864 vale.
2002 1790 2061 1860 die
2087 1791 2146 1865 13.
2169 1787 2256 1862 Feb·
2369 1795 2370 1802 ’

222 1964 415 2096 Q·
1058 1967 1213 2092 Q·
1263 1884 1377 1992 '1543‘
1674 2087 1683 2094 ,
1725 2057 1727 2064 .
1772 2001 1961 2100 Philippus
1978 2000 2202 2084 Melanthon.

491 2151 549 2234 H.
580 2147 948 2264 Boumgartnern

291 2326 614 2470 Epffinlalg,1v1ypsstot
626 2345 686 2400 sqq.
708 2357 744 2372 -
784 2327 837 2382 Hie
853 2342 883 2381 ex
903 2321 1071 2396 autographo
1091 2323 1120 2378 in
1140 2321 1212 2380 cod.
1264 2361 1331 2436 No·
1352 2365 1466 2442 2641.
2083 2382 2138 2445 ¹6·
2153 2374 2242 2438 Febr·

1264 2467 1473 2504 Μ
2077 2465 2262 2527 mm:
2340 2465 2370 2516 ,ι

223 2550 582 2656 clarissumum
599 2553 688 2638 viro,
712 2549 819 2628 1211
825 2553 951 2622 ieron
957 2573 1060 2648 ymo
1073 2545 1212 2621 Bom-
1522 2547 1712 2666 Geor-gio·
1735 2551 1995 2640 Anhaltino,

274 2667 518 2754 gartnero,
543 2652 716 2758 Senatum
736 2651 934 2749 Norrberg.
954 2677 1022 2724 suo
1043 2675 1161 2723 amico
1332 2725 1402 2782 M
1421 2728 1512 2788 'dm
1525 2729 1610 2803 Epio.
1630 2749 1659 2804 1³·
1670 2730 1732 2788 m·
1767 2733 1870 2790 lterum
1885 2699 1918 2790 'tn
1931 2732 2001 2806 ¹399·
2022 2731 2071 2789 tib.
2084 2731 2106 2790 ν.
2123 2732 2185 2795 102.
2198 2733 2254 2802 gg

630 2831 632 2836 ,
654 2756 783 2833 caries.
1366 2795 1484 2855 msera.
1498 2798 1624 2872 ινιι.)

223 2869 268 2964 S.
292 2889 337 2965 D.
386 2885 465 2962 Etsi
478 2891 631 2962 arbitror
642 2889 708 2960 tibi
722 2901 848 2962 notum
863 2910 936 2958 esse
944 2883 1212 2980 Hieronymum
1642 2957 1650 2975 ,
1766 2957 1775 2975 ,
1826 2957 1834 2976 ,
1866 2957 1875 2975 ,
2055 2957 2063 2976 ,

225 2986 434 3076 Schrer'ber,
460 3005 577 3064 tamen
599 2991 629 3062 si
652 2993 695 3062 de
718 2991 794 3062 eius
816 2989 977 3080 ingenio,
1002 2989 1212 3075 eruditione,
1395 2948 1451 3027 D·
1476 2949 1680 3052 G⁶⁰rff⁸⁰
1703 2950 1870 3056 PNWW
1887 2951 2119 3034 Anhaldm0·

226 3095 395 3187 gravitate
414 3119 556 3166 morum
580 3107 684 3164 testes
705 3092 875 3186 requiris,
905 3091 1029 3162 audire
1051 3083 1212 3159 Schone-
1263 3065 1308 3157 S.
1333 3083 1379 3164 D.
1436 3091 1517 3162 Scio
1538 3089 1578 3166 C.
1603 3089 1649 3162 Τ.
1673 3115 1776 3183 saepe
1801 3093 1846 3161 de
1878 3091 2090 3164 tumultibus
2122 3089 2253 3164 horum

228 3220 308 3266 rum
333 3209 368 3267 et
394 3191 438 3267 V
432 3193 524 3266 itum
552 3195 696 3287 poteris.
753 3191 864 3264 Plane
894 3193 942 3262 ita
974 3191 1114 3276 iudico,
1146 3216 1211 3282 nec
1264 3204 1462 3282 temporum
1477 3205 1671 3282 gementem
1687 3193 1856 3284 cogitare,
1882 3207 1916 3264 et
1939 3193 2113 3285 imprimis
2127 3189 2253 3266 Eccle·

227 3298 404 3368 dexterius
418 3295 600 3388 ingenium
616 3297 655 3364 in
672 3289 738 3365 hac
755 3289 874 3365 schola
898 3315 991 3377 esse,
1015 3317 1079 3363 nec
1096 3293 1212 3364 ullum
1263 3291 1335 3361 siae
1360 3293 1573 3362 vastationes
1601 3306 1636 3364 et
1662 3294 1845 3364 interitum
1872 3293 2055 3365 literarum
2085 3309 2252 3368 metuere.
2369 3303 2370 3352 t

228 3421 269 3468 cx
291 3395 554 3469 Professoribus
575 3397 769 3468 doctiorem
794 3419 867 3466 esse
887 3393 925 3466 in
949 3399 1024 3466 tota
1046 3387 1211 3466 Philoso-
1263 3387 1505 3482 Agnoscamus
1521 3405 1639 3464 autem
1655 3389 1720 3466 hos
1733 3408 1872 3480 motus,
1891 3419 2024 3488 poenas
2038 3419 2111 3466 esse
2124 3396 2254 3466 mundi

225 3495 321 3590 phin.
372 3498 504 3572 Scribit
519 3497 669 3568 solutam
686 3497 899 3582 orationem,
921 3509 955 3568 et
976 3519 1116 3566 carmen
1135 3497 1212 3566 foe·
1262 3493 1395 3580 fatales,
1408 3489 1543 3588 nosque
1557 3489 1623 3588 hac
1637 3495 1878 3566 consolatione
1892 3509 2136 3582 sustentemus,
2152 3500 2250 3590 quod

224 3601 356 3687 liciter,
388 3613 483 3672 tenet
504 3595 738 3684 Mathemata,
772 3611 808 3669 et
827 3591 1064 3688 Philosophos
1092 3619 1211 3686 graece
1263 3607 1398 3665 certum
1419 3607 1471 3666 est
1492 3591 1626 3682 Deum,
1653 3609 1694 3667 ut
1715 3597 1753 3666 in
1774 3597 1864 3666 mari
1884 3599 2013 3684 rubro,
2044 3622 2148 3668 suum
2170 3623 2252 3669 coe·
2369 3619 2370 3694 3

225 3692 309 3792 legit
326 3703 494 3794 expedite.
519 3783 520 3786 Ἴ
545 3699 708 3794 Cumque
727 3699 799 3768 iem
822 3700 867 3768 de
886 3695 1136 3768 Mathematica
1159 3697 1211 3766 le·
1263 3701 1341 3764 tum'
1354 3707 1574 3766 servaturum
1589 3720 1672 3772 esse.
1724 3695 1844 3787 Quare
1858 3699 2000 3770 interim
2017 3713 2051 3772 et
2066 3723 2144 3786 nos,
2171 3701 2253 3794 qui-

226 3806 342 3876 ctionc
357 3799 414 3874 hic
432 3803 704 3885 deliberaretur,
733 3800 838 3871 multi
853 3823 930 3870 eam
944 3797 1107 3870 mandari
1120 3791 1212 3867 letio
1263 3797 1330 3866 bus
1346 3791 1463 3866 adhuc
1477 3799 1639 3871 concedit
1660 3799 1790 3885 otium,
1814 3799 1893 3870 vult
1915 3801 2038 3871 sedulo
2060 3802 2099 3870 in
2120 3826 2251 3894 propa·
2369 3883 2370 3890 ν

227 3927 380 3999 ronymo
397 3904 594 3997 cupiebant·
644 3899 716 3973 Sed
739 3901 828 3972 alter
852 3900 939 3970 civis
958 3915 1072 3972 vester
1086 3893 1211 3971 Eros·
1263 3898 1440 3987 gationem
1461 3899 1642 3971 literarum
1666 3914 1702 3970 et
1721 3899 1884 3970 salutaris
1909 3901 2092 3973 doctrinae
2111 3902 2250 3972 incum-
2369 3913 2370 3944 ¹

224 4030 307 4076 mos
323 4000 482 4077 Flaccus
496 4003 622 4100 petivit
636 4003 719 4076 satis
732 4003 873 4088 sedulo,
897 4015 931 4074 et
954 3999 1010 4070 vel
1032 4002 1114 4095 quia
1135 4027 1211 4072 ma-
1263 4000 1365 4084 bere,
1391 4012 1425 4070 ct
1438 3999 1632 4070 iuventutis
1646 4000 1763 4071 studia
1776 4001 1987 4088 accendere,
2012 4017 2048 4075 et
2067 4005 2113 4073 ad
2132 4015 2251 4096 poste·
2369 4019 2370 4022 ’

224 4109 277 4198 gis
293 4109 463 4198 eget,.vel
477 4109 560 4202 quia
577 4106 735 4176 studium
752 4105 878 4174 adfinis
894 4099 1062 4188 habebat,
1086 4103 1210 4174 lectio-
1262 4123 1322 4170 ros
1345 4101 1446 4194 quasi
1473 4099 1753 4187 Patrimonium,
1793 4102 1906 4174 bonas
1932 4119 2025 4177 artes
2057 4105 2250 4176 illustratas

222 4233 304 4279 nem
330 4208 497 4283 obtinuit.
546 4206 638 4279 Cum
667 4219 785 4276 autem
811 4201 1061 4298 Hieronymus
1093 4204 1211 4296 cupiat
1262 4201 1519 4290 transmittere,
1545 4203 1640 4295 quod
1657 4203 1893 4289 olfaciamus,
1919 4219 2010 4276 certe
2025 4207 2250 4278 mediocriter·

224 4309 421 4381 studiorum
439 4331 539 4382 causa
558 4306 785 4401 peregrinari,
813 4317 850 4376 et
864 4305 1118 4396 patrimonium
1133 4328 1211 4376 sus-
1262 4303 1468 4373 annitimur.
1521 4301 1593 4375 Sed
1612 4301 1795 4396 Principes
1824 4307 1923 4376 decet
1947 4301 2055 4376 huius
2083 4304 2250 4400 pulcher-

224 4413 337 4496 tinere
360 4424 520 4501 sumptus
550 4407 685 4478 diutius
703 4431 777 4476 non
799 4406 927 4496 possit,
960 4418 1054 4490 orat,
1084 4417 1125 4476 ut
1145 4408 1210 4476 sti·
1262 4403 1345 4472 rimi
1368 4403 1499 4474 laboris
1520 4399 1756 4502 symonicae
1776 4429 1870 4491 esse,
1897 4407 2047 4478 excitare
2068 4423 2104 4479 et
2122 4433 2249 4500 prove-

224 4513 392 4605 pendium
413 4509 612 4593 Medicum,
643 4509 740 4602 quod
761 4501 897 4578 Flocco
916 4502 1086 4577 hactenus
1108 4508 1209 4576 dedi-
1262 4499 1346 4574 here
1365 4505 1518 4594 ingenia.
1570 4502 1652 4594 Quo
1668 4506 1706 4574 in
1723 4528 1849 4595 genere
1874 4519 1934 4577 tua
1955 4507 2149 4580 liberalitas
2173 4535 2248 4581 non
2369 4549 2370 4600 ι

224 4615 304 4698 stis,
336 4635 432 4682 nunc
459 4609 498 4680 in
528 4634 565 4681 se
591 4609 832 4682 transferatur.
888 4605 992 4681 Certe
1013 4608 1045 4678 si
1068 4606 1207 4686 scissem
1261 4606 1357 4675 deest
1373 4601 1601 4680 scholasticis.
1649 4601 1730 4678 Etsi
1745 4621 1860 4678 autem
1876 4609 1947 4677 scio
1965 4603 2247 4702 horumtempo-
2369 4675 2370 4682 ,

224 4711 309 4784 haec
325 4717 368 4784 de
384 4712 617 4806 patrimonio,
652 4710 716 4782 etsi
731 4702 863 4780 Flacci
880 4721 1084 4802 paupertate
1102 4709 1206 4778 etiam
1260 4731 1340 4776 rum
1369 4705 1638 4778 difficultatibus
1666 4721 1700 4778 et
1727 4705 1934 4800 Principum
1964 4722 1999 4779 et
2025 4711 2247 4802 privatorum
2369 4709 2370 4716 '

135 4856 140 4866 ·
221 4818 408 4902 movebar,
433 4829 551 4886 tamen
564 4835 628 4905 pro
640 4809 867 4906 Hieronymo
882 4812 992 4902 magis
1005 4810 1207 4882 contendis-
1259 4808 1484 4878 oeconomias
1514 4809 1736 4893 conturbari,
1770 4821 1888 4879 tamen
1914 4807 2001 4902 ipsis
2026 4813 2248 4904 temporibus

220 4943 312 5002 sem,
345 4941 424 4986 cum
445 4913 503 4988 hic
525 4917 570 4986 de
592 4912 741 4983 lectione
771 4927 942 5004 ageretur.
981 4908 1046 4981 ·Et
1065 4912 1206 4980 volente
1259 4907 1497 4992 condonabis,
1528 4910 1625 5001 quod
1644 4910 1757 4980 nostri
1779 4909 1916 4980 ordinis
1941 4906 2104 4984 homines
2128 4915 2250 5006 plures
2369 4923 2370 4928 ’

220 5021 300 5091 aula
324 5032 480 5110 poteram
503 5017 675 5088 anteferre
692 5009 962 5108 Hieronymum.
1013 5009 1116 5082 Nunc
1138 5011 1206 5101 igi·
1241 5009 1303 5080 'ad
1317 5022 1352 5079 te
1369 5007 1590 5098 confugiunt.
1639 5004 1751 5082 Pahci
1773 5011 1867 5080 enim
1887 5025 1970 5084 sunt
1992 5013 2054 5083 alii
2076 5013 2140 5109 qui
2163 5015 2247 5086 litc-
2369 5101 2370 5106 Ἰ

218 5137 371 5200 sutoro,
397 5134 437 5191 ut
452 5118 575 5189 virtuti
590 5115 802 5209 Hieronymi
816 5111 883 5186 hoc
901 5113 1044 5198 tribuas,
1067 5125 1109 5183 ut
1123 5137 1203 5185 eum
1257 5133 1314 5180 ras
1334 5109 1536 5202 respiciant.
1597 5106 1689 5182 Cum
1718 5125 1836 5183 autem
1860 5109 2052 5206 Stigelios·
2068 5117 2247 5208 praeclare

217 5223 364 5294 Senatui
383 5221 623 5302 commendes,
655 5240 695 5286 ac
717 5217 892 5306 perficias,
922 5227 963 5284 ut
986 5215 1201 5303 stipendium
1256 5213 1353 5284 iuvet
1364 5225 1399 5282 et
1413 5223 1515 5282 ornet
1528 5211 1711 5283 literarum
1728 5212 1864 5296 studia,
1898 5215 2051 5286 vicissim
2070 5215 2247 5309 aRepub.

218 5325 387 5398 obtineat.
441 5322 623 5395 lnterdum
646 5319 741 5390 soleo
760 5319 799 5389 in
814 5311 869 5389 his
886 5315 1201 5389 commendationi-
1256 5315 1438 5386 ornandus
1453 5325 1537 5416 erat
1586 5310 1665 5386 Etsi
1681 5314 1777 5392 enim
1792 5311 1895 5387 ltalia
1911 5337 1985 5390 una
2001 5317 2143 5390 videtur
2164 5343 2247 5392 sua·
2369 5355 2370 5358 ¹
