4722 5808
220 259 298 336 015
433 185 445 206 ’
541 175 543 182 ’
652 239 654 248 ⁴
807 221 1687 354 urtsronanuun1n.m.1sso.
1782 187 1829 216 ⁹
2189 227 2268 304 sto

226 426 387 508 omnium
404 413 634 495 concionum,
646 427 733 501 quas
747 403 788 474 in
803 398 960 474 Ecclesia
970 392 1218 487 Naoburgensi
1269 413 1410 489 grueret
1423 422 1504 470 cum
1521 399 1601 470 aliis
1614 412 1707 471 recte
1721 399 1953 484 docentibus,
1967 403 2134 498 quodque
2147 396 2269 472 inE0.

226 529 356 607 habuit
379 515 534 604 Morus,
558 525 600 585 ut
624 521 724 582 erant
746 508 791 577 ab
813 505 890 598 ipso
907 495 1026 572 Moru
1048 498 1163 570 notati
1184 511 1219 567 et
1269 503 1375 572 closia
1391 501 1658 592 Naoburgensi,
1682 497 1846 574 basem
1870 502 2089 574 occasionem
2110 503 2267 574 dedisset

227 633 329 709 missi
341 625 538 718 Episcopo,
558 617 599 686 in
613 612 743 707 quibus
762 607 954 702 apparebat
975 625 1150 695 nusquam
1172 600 1219 668 il·
1269 603 1502 690 factionibus,
1535 617 1625 698 quae
1653 605 1684 674 si
1706 620 1917 689 crescerent,
1949 605 2149 698 periculum
2177 628 2268 690 esse,

227 741 307 812 lum
324 729 382 801 vel
403 725 512 795 V0Pb⁰
532 713 744 788 ”Omissfflm
765 703 1136 789 meminissellomissis
1151 697 1220 770 Pa·
1270 729 1315 774 ne
1336 701 1494 776 Ecclesia
1524 706 1759 777 scinderetur:
1793 707 1873 778 ideo
1898 719 1939 778 ut
1966 720 2176 778 sanarentur
2195 701 2267 776 hae

227 833 347 934 pistici
363 822 689 916 θῠῑΡόΡῑδῑῑθῡῑΰῐῦ
704 813 895 904 impifflllm
912 807 1071 876 cultuum
1087 829 1127 873 δῦ
1145 827 1219 870 ma·
1271 807 1485 878 offensiones
1519 821 1553 877 ct
1585 807 1770 878 tolleretur
1801 808 1935 878 occasio
1967 804 2196 880 schismatum
2229 821 2268 879 et

228 941 436 1013 nifcstarum
450 920 714 1016 turpitudinum
730 915 770 984 in
788 913 869 982 vita.
909 907 1035 978 Postea
1051 903 1220 998 Episcopi
1271 910 1537 989 scandalorum,
1577 903 1725 1000 posthac
1749 909 1942 980 abstineret
1963 935 1983 980 a
2005 934 2152 982 munere
2175 933 2268 980 con-

228 1039 376 1114 nomine
407 1022 521 1100 Moru
554 1019 738 1114 respondit
769 1014 814 1086 D.
847 1011 980 1082 Doctor
1004 1003 1218 1079 Martinus:
1272 1011 1438 1081 cionandi
1461 1011 1500 1078 in
1516 1034 1556 1080 ea
1579 1007 1748 1084 Ecclesia.
1800 1011 1872 1083 Sed
1895 1033 1941 1080 ne
1966 1023 2173 1106 quereretur
2193 1012 2267 1082 dn-

229 1139 401 1218 Auditam
424 1155 496 1202 esse
520 1125 631 1218 ipsius
644 1115 875 1212 Apologiam,
897 1114 958 1182 sed
980 1112 1024 1180 ad
1041 1108 1220 1201 principa·
1271 1113 1346 1183 rius
1362 1136 1481 1182 secum
1496 1113 1570 1202 agi,
1596 1135 1700 1206 quam
1716 1136 1780 1204 par
1795 1127 1900 1196 esset,
1925 1110 2123 1206 Episcopus
2143 1127 2266 1183 tamen

228 1247 301 1316 lem
316 1250 452 1334 partem
472 1223 705 1302 accusationis
724 1215 819 1289 nihil
833 1236 1040 1305 responsum
1057 1235 1149 1290 esse,
1175 1211 1220 1276 de
1272 1215 1489 1306 stipendium
1521 1209 1628 1282 huius
1653 1214 1742 1282 anni
1766 1215 1798 1282 ei
1826 1214 2002 1304 integrum
2028 1215 2191 1308 reliquit,
2224 1237 2269 1282 aa:

207 1357 300 1442 'qua
323 1337 466 1434 proprie
491 1333 663 1422 ageretur.
689 1321 795 1392 'Non
822 1317 918 1388 enim
940 1311 1009 1384 hoc
1033 1305 1219 1406 quaeri³):
1271 1316 1726 1408 promisigseadiupumm’
1751 1316 1919 1386 utvepin
1936 1316 2183 1396 suadioeoesi’
2206 1316 2269 1384 vel
2350 1339 2351 1352 p

230 1443 409 1544 qu⁰ffl0d⁰
431 1450 514 1508 ³⁰10
540 1427 608 1500 hoc
632 1442 770 1516 tempus
791 1433 852 1490 3οῑ
876 1415 1037 1487 ‘imerii
1066 1427 1126 1484 aui
1148 1435 1221 1481 sese
1272 1419 1359 1488 alibi
1380 1418 1490 1488 alium
1512 1412 1700 1486 honestum
1723 1418 1840 1487 locum
1853 1431 1887 1487 et
1901 1418 2143 1488 conditionem
2162 1419 2270 1486 inve-

228 1545 392 1642 gesserit3
427 1540 465 1608 id
487 1535 569 1607 satis
590 1541 717 1599 notum
740 1546 830 1607 essc;
863 1521 924 1589 sed
948 1519 1044 1610 quod
1061 1539 1158 1583 nunc
1181 1513 1219 1580 in
1271 1511 1406 1614 niat*).
1457 1517 1552 1587 Haec
1576 1542 1656 1588 cum
1683 1518 1737 1588 illi
1759 1517 1808 1588 sic
1826 1519 1983 1610 exposita
2009 1531 2140 1603 essent,
2173 1543 2269 1610 qnae

228 1640 477 1735 Nioburgensi
498 1654 662 1714 munere,
687 1627 788 1722 quasi
812 1623 868 1692 ⁸¹15
893 1617 1092 1702 diSSifflffiS,
1123 1639 1220 1684 111¹ss-
1272 1614 1333 1690 ilie
1348 1633 1465 1691 tamen
1480 1619 1586 1688 nimis
1604 1620 1705 1688 molli
1721 1633 1756 1690 et
1769 1621 1879 1689 fracto
1896 1615 2015 1690 animo
2032 1620 2187 1712 accepit,
2213 1621 2269 1690 ita

228 1774 337 1848 quam
354 1747 471 1842 palam
493 1752 529 1808 et
552 1754 710 1824 expresse
732 1725 860 1798 taxarit
882 1722 939 1791 vel
960 1743 1097 1789 errores
1120 1717 1221 1808 papi·
1271 1747 1368 1792 nune
1391 1723 1582 1792 discessum
1611 1735 1678 1806 esp,
1711 1735 1752 1792 up
1778 1721 1831 1791 mi
1860 1720 1965 1790 etiam
1991 1717 2027 1791 h·
2051 1747 2080 1794 e·
2103 1721 2300 1802 Minimi'

229 1855 335 1926 ὓῑῐῦὃθ
368 1843 551 1918 doctrinae
585 1849 620 1906 θῑ
645 1833 760 1902 Ullius
793 1824 922 1916 i¹¹¹Pi⁰⁵
951 1823 1008 1891 vel
1032 1821 1220 1890 manifesto
1271 1822 1459 1914 Evangelii
1480 1823 1519 1891 in
1548 1823 1689 1892 ecclesia
1710 1821 1957 1912 Neoburgensi
1987 1825 2270 1892 admonerentur

228 1952 394 2026 scandata
426 1949 465 2015 in
489 1943 560 2011 vita
590 1937 688 2005 illius
711 1931 843 2022 gregis,
877 1927 912 1994 id
938 1946 1106 2016 apparere
1139 1944 1220 1989 cum
1272 1941 1447 2010 amanter,
1479 1937 1520 1994 ug
1540 1938 1654 1994 essem
1676 1925 1771 2015 pacis
1795 1939 1829 1996 e,
1850 1924 2270 1994 concordiaeintuenda

228 2056 308 2128 aliis
329 2050 451 2122 multis
475 2037 709 2134 argumentis,
734 2047 812 2103 turn
826 2053 866 2096 ex
883 2026 954 2094 illis
970 2025 1055 2117 ipsis
1078 2019 1219 2117 notis*)
1272 2052 1353 2096 vera
1371 2026 1532 2098 doctrina
1547 2025 1714 2109 studiosi,
1741 2027 1862 2096 addito
1879 2027 1983 2096 etiam
2006 2021 2214 2096 honestade
2233 2041 2270 2095 te

228 2155 440 2230 concionum
466 2137 603 2236 eius⁵).
664 2134 818 2208 Addidit
840 2129 962 2212 etiam,
997 2126 1066 2195 sibi
1089 2124 1219 2192 mirum
1272 2127 1624 2201 etillisgesfimonio,
1676 2124 1795 2196 Habes
1819 2128 1992 2212 breviter,
2017 2151 2108 2222 quae
2134 2128 2173 2195 in
2194 2105 2300 2196 hoc·
2350 2129 2351 2136 a

227 2256 359 2340 videri,
384 2253 414 2323 si
430 2250 617 2344 quisquam
633 2263 713 2308 vere
732 2261 771 2305 ac
788 2232 940 2302 fideliter
955 2230 1085 2298 docens
1098 2222 1220 2295 Evan-
1257 2230 1413 2320 ‘negotio
1436 2242 1512 2300 acta
1534 2241 1636 2313 sunt,
1665 2229 1730 2300 etsi
1747 2229 1906 2298 existimo
1931 2230 2099 2321 pleraque
2114 2229 2185 2297 iam
2200 2230 2270 2298 ab.

221 2361 378 2452 gelium,
404 2353 460 2422 vel
482 2348 598 2418 studio
623 2337 690 2410 hoc
706 2336 817 2431 possit
830 2333 962 2416 vitare,
986 2343 1027 2400 ut
1042 2350 1219 2420 nusquam
1254 2334 1366 2402 unde
1388 2332 1456 2402 tibi
1471 2331 1609 2420 cognita
1630 2353 1712 2403 esse.
1762 2327 1964 2405 Benevale.
2018 2331 2271 2421 Witebergac.
2350 2339 2351 2402 t

227 2483 388 2555 unquam
412 2453 546 2524 incidat
562 2447 601 2515 in
624 2435 934 2534 reprehensionem
950 2455 1011 2501 seu
1027 2429 1147 2522 potius
1162 2449 1220 2496 re·
1271 2433 1435 2507 secundo
1449 2429 1604 2524 Augusti
1623 2429 1731 2506 1545·
2350 2405 2351 2440 t

226 2561 439 2636 solationem
463 2545 685 2622 adversariae
715 2537 908 2612 doctrinae.
971 2531 1080 2622 Quod
1100 2543 1219 2600 tamen
1633 2533 1644 2544 ·
1816 2529 2215 2626 Casparctuciger’u

225 2664 411 2744 manifeste
431 2653 588 2748 requirat
603 2644 739 2717 Paulus
761 2641 799 2718 in
815 2635 1013 2728 Episcopo,
1038 2645 1078 2703 ut
1094 2643 1219 2724 potens

226 2767 290 2852 sit,
322 2786 397 2834 non
419 2769 558 2828 tantum
586 2752 626 2819 in
649 2745 809 2817 docendo
833 2753 867 2809 et
886 2733 1126 2819 exhortando,
1157 2731 1218 2802 sed

227 2867 333 2939 etiam
350 2865 390 2932 in
403 2855 591 2930 refutando
608 2845 889 2922 contradicentes
904 2838 1086 2908 doctrinae
1102 2857 1219 2953 sanae.
1278 2869 1345 2946 No·
1360 2866 1473 2944 3240·
2131 2883 2153 2945 2
2178 2875 2233 2940 Au

226 2967 271 3040 ln
295 2963 388 3036 hanc
409 2957 620 3032 sententiam
644 2944 910 3039 cumpluribus
934 2940 1051 3010 verbis
1074 2937 1220 3008 dixisset
1277 2972 1489 3007 w
2136 2900 2267 2996 ·ΝΞ

224 3066 435 3150 Ῑ).1)οεῑοι·,
461 3062 542 3145 ille,
567 3079 648 3127 cum
664 3049 748 3121 satis
770 3043 857 3117 haec
873 3044 1026 3114 refutare
1048 3063 1122 3109 non
1136 3059 1220 3129 pos-
1611 3019 1657 3107 V
1653 3081 1665 3105 .
1697 3019 1932 3106 Theodoro,

226 3185 296 3256 sei,
329 3165 508 3240 excusaVii
530 3184 585 3244 ὅθ,
615 3147 885 3271 affirm-studii).
902 3167 1008 3262 ΨΜ
1030 3164 1103 3260 5⁸⁵⁰
1126 3139 1220 3208 leniss
1338 3187 1424 3262 Epist.
1442 3185 1490 3243 lib.
1509 3139 1557 3239 vt.
1575 3201 1602 3254 p.
1623 3183 1675 3238 ⁴88
1693 3203 1734 3258 sq.
1751 3215 1786 3228 —
1827 3183 1879 3240 llic
1905 3203 1935 3239 ex
1956 3183 2127 3256 autographo
2149 3185 2177 3239 in
2204 3187 2272 3240 eod.

123 3289 132 3300 “
225 3286 316 3356 tate,
340 3283 382 3341 ut
398 3269 449 3338 ita
465 3261 603 3334 facilius
613 3253 813 3328 Canonrcos
827 3262 861 3318 et
875 3247 947 3315 rllrs
964 3246 1123 3314 addictos
1138 3263 1219 3332 per·
1374 3258 1486 3342 monac.
1502 3259 1526 3311 1.
1546 3271 1573 3326 p.
1588 3253 1650 3307 618.

226 3368 383 3446 traheret
416 3369 462 3437 ad
494 3358 776 3454 amplectandam
800 3348 1000 3421 doctrinam
1019 3341 1219 3432 Evangelii,
1403 3413 1409 3430 Ι
1921 3409 1929 3427 .
2135 3408 2142 3426 Ι

227 3489 332 3560 etse,
365 3466 588 3566 quodetiam
612 3449 738 3550 antc⁸)
763 3453 916 3532 dixerat,
941 3442 1221 3515 hocmodoali-
1270 3404 2166 3605 1)·ΜΟΤῆθῖἱξὲἑθῂοΐῒῖῗὲΕνθηέΛῧ
2190 3405 2273 3480 EC·

227 3601 318 3672 quos
338 3569 541 3644 adiunxisse
564 3575 706 3633 nostrae
729 3553 833 3650 parti.
894 3548 1002 3638 Quod
1026 3569 1110 3616 vero
1133 3543 1220 3615 vitia

200 3693 303 3750 'non
319 3669 508 3759 taxarit⁷),
533 3693 574 3737 eo
591 3667 742 3744 factum,
766 3655 862 3750 quod
876 3653 914 3720 in
930 3651 1103 3722 tradendo
1117 3643 1220 3718 Cate-
1271 3637 1318 3730 S.
1343 3652 1386 3727 D,
1438 3645 1736 3722 Carissimth'tc.
1774 3645 1857 3717 Non
1872 3670 2014 3739 possum
2030 3648 2166 3740 prolixe
2179 3651 2273 3719 scri·
2350 3659 2351 3664 ’

229 3775 386 3862 chismo,
408 3775 571 3844 nondum
593 3761 810 3857 pervenisset
835 3756 879 3825 ad
896 3765 1221 3845 praeceptasecun-
1274 3761 1368 3828 bere,
1420 3751 1495 3823 lam
1518 3751 1613 3820 enim
1638 3749 1821 3839 ingredior
1844 3749 1911 3818 iter
1935 3773 2108 3818 unacum
2127 3749 2174 3820 D.
2199 3749 2275 3821 Pa-

228 3885 293 3954 dae
312 3871 491 3950 tabulae.''
543 3867 629 3939 Visa
646 3878 792 3935 estsane
807 3871 842 3928 et
857 3851 943 3925 haec
958 3851 1140 3944 responsio
1156 3849 1222 3918 fri·
1273 3873 1367 3929 stote
1392 3857 1436 3924 ad
1452 3853 1655 3942 Principem
1681 3867 1714 3922 et
1732 3853 1777 3920 ad
1792 3843 2002 3919 liutherum
2018 3851 2141 3923 iturus.
2193 3847 2276 3922 Ex.

228 3983 364 4074 gidior,
389 4000 496 4072 quam
518 3986 559 4044 ut
580 3969 683 4048 illum
700 3964 891 4042 relevaret,
916 3957 960 4025 de
973 3952 1223 4051 quolongiore
1274 3960 1428 4054 patiatur
1459 3969 1510 4026 est
1531 3943 1793 4047 Lutheros¹),
1835 3967 1869 4021 et
1898 3953 2018 4022 nescio
2042 3975 2147 4046 quam
2171 3953 2276 4023 indi-

229 4083 390 4154 oratione
412 4075 615 4148 admonitus
641 4082 691 4138 est
723 4061 810 4135 aD.
832 4059 997 4130 Doctore.
1049 4053 1120 4126 Sed
1142 4076 1223 4124 cum
1275 4061 1478 4152 gnationem
1517 4055 1740 4138 circumfert,
1784 4078 1848 4124 cur
1885 4055 2002 4122 redire
2041 4067 2205 4124 contatur
2222 4053 2277 4150 ²).
2350 4109 2351 4134 ,

229 4183 478 4276 responderet,
504 4199 540 4246 se
565 4160 772 4259 futurum⁸)
795 4163 834 4230 in
858 4170 1028 4253 potestate
1043 4152 1224 4247 Episcopi,
1274 4162 1371 4234 Deus
1394 4173 1490 4250 regat
1516 4169 1552 4227 eg
1573 4157 1670 4226 iuvet
1691 4177 1768 4229 nos,
1826 4153 1880 4225 De
1902 4152 2131 4249 Hieronymo
2162 4181 2274 4248 quam
2350 4159 2351 4220 3

224 4310 270 4356 <³⁰
293 4286 488 4362 faciurum,
518 4275 614 4368 qu⁰d
635 4271 696 4339 ille
717 4268 875 4346 iuberet,
903 4257 1024 4330 habita
1049 4257 1224 4326 delibera·
1275 4265 1431 4356 primurn
1463 4259 1567 4330 nobis
1599 4271 1691 4327 certa
1716 4256 1880 4338 scribito,
1915 4281 2003 4350 quae
2031 4258 2168 4327 utinam
2199 4259 2277 4329 sint

230 4387 348 4469 tione,
370 4383 486 4451 Visum
511 4389 562 4446 ⁹⁵²
584 4372 638 4442 iffi
653 4369 843 4458 dicendum
859 4386 947 4434 0⁵⁸&
986 4357 1223 4451 Quassdfflluff·
1275 4368 1409 4447 fausta,
1439 4377 1480 4432 ut
1506 4360 1617 4450 gloria
1641 4359 1706 4427 filii
1724 4355 1796 4428 Dei
1819 4359 2035 4441 celebretur,
2061 4381 2127 4428 nec
2152 4360 2275 4430 dicant

232 4489 312 4556 dem
335 4493 519 4576 appareret
540 4477 578 4546 in
601 4471 711 4564 ipsius
728 4467 888 4538 doctrina
908 4466 985 4533 iure
1003 4457 1071 4530 hoc
1088 4461 1226 4529 deside·
1276 4465 1396 4559 impii,
1423 4461 1496 4533 Ubi
1513 4475 1564 4532 est
1578 4459 1675 4531 Deus
1693 4461 1841 4531 eorum?

231 4587 325 4672 rari,
350 4585 446 4678 quod
471 4582 509 4650 in
527 4569 830 4670 reprehendendis
854 4566 1034 4638 erroribus
1051 4585 1223 4633 noncon-
1378 4565 1449 4636 Pro
1483 4562 1606 4633 cultris
1640 4576 1674 4632 ct
1702 4562 1823 4631 codice
1857 4558 2004 4652 gratiam
2040 4561 2105 4631 tibi
2143 4556 2272 4635 habeo.

627 4747 635 4754 -
1278 4670 1349 4742 Sed
1376 4665 1531 4736 codicem
1558 4665 1643 4735 dedi
1667 4657 1831 4732 Bcsoldo
1858 4664 1970 4732 amico
1997 4676 2131 4733 nostro.
2183 4663 2275 4734 Mit-

239 4805 439 4826 .,...-.--
1278 4787 1315 4844 to
1348 4768 1414 4840 tibi
1443 4764 1696 4857 praefationem
1729 4766 1768 4833 in
1797 4755 2058 4854 Astrologicirm
2081 4757 2274 4849 Schoncri,

1279 4893 1385 4967 quam
1400 4885 1485 4958 rogo
1501 4879 1540 4974 ut
1560 4867 1592 4935 ei
1608 4862 1774 4936 exhibere
1790 4890 1898 4938 cures.
1953 4865 2078 4936 Iudico
2105 4867 2163 4958 pie
2189 4869 2272 4937 scri-

1800 2749 2276 2762 mmm

268 4929 298 5000 8)
314 4928 405 4982 Dana.
418 4913 562 4975 mendose:
579 4926 695 4980 quaero.

267 5013 296 5079 4)
315 4999 558 5063 nanameotosss
577 4993 695 5048 notatis.

269 5095 297 5162 5)
315 5094 405 5147 Dana.
429 5082 559 5140 mendose
579 5077 685 5132 sinsin
705 5075 770 5128 locas
791 5069 905 5125 mutarit
933 5087 965 5125 er
988 5066 1161 5130 coniectura,
1180 5063 1228 5120 sed
1365 5101 1370 5114 ,

303 5164 363 5216 '³¹¹⁸
378 5172 467 5214 ‘⁸⁰⁵³'
1314 5144 1344 5212 *)
1363 5142 1425 5196 Vid.
1448 5139 1561 5214 epistola
1581 5137 1764 5195 consolatoria
1787 5137 1820 5192 ad
1844 5138 1956 5194 Morum
1980 5139 2122 5196 dimissum
2143 5143 2273 5214 scripta,
2350 5159 2351 5170 ,

269 5247 298 5316 6)
318 5245 409 5300 Dans.
423 5244 506 5301 ants,
524 5251 555 5286 ex
567 5227 678 5283 mendo.
1349 5211 1470 5266 Luthero
1485 5209 1512 5263 d.
1529 5207 1570 5263 16.
1586 5206 1652 5266 Oct.
1669 5209 1749 5263 buius
1764 5207 1839 5262 anni,

269 5331 301 5401 7)
319 5329 410 5383 Dana.
429 5316 592 5382 taxaverit,
610 5329 642 5366 ex
658 5307 859 5364 emendatione.
1317 5300 1344 5366 1)
1366 5297 1427 5354 Vid.
1442 5293 1552 5350 Lutheri
1566 5293 1646 5366 epist.
1660 5293 1687 5350 d.
1702 5293 1742 5348 1⁷.
1756 5291 1808 5348 lut.
1824 5293 1900 5349 154⁵.

270 5415 299 5482 8)
318 5412 408 5468 Dans.
427 5419 486 5460 ests
504 5417 556 5474 pro
566 5398 714 5470 saturum,
1315 5386 1346 5452 2)
1364 5381 1467 5458 Spanb.
1481 5379 1580 5436 edidits
1598 5388 1754 5436 annuatur.
