<?xml version="1.0" encoding="UTF-8"?>
<!DOCTYPE html PUBLIC "-//W3C//DTD XHTML 1.0 Transitional//EN"
    "http://www.w3.org/TR/xhtml1/DTD/xhtml1-transitional.dtd">
<html xmlns="http://www.w3.org/1999/xhtml" xml:lang="en" lang="en">
 <head>
  <title>
</title>
<meta http-equiv="Content-Type" content="text/html;charset=utf-8" />
  <meta name='ocr-system' content='tesseract 3.04.00' />
  <meta name='ocr-capabilities' content='ocr_page ocr_carea ocr_par ocr_line ocrx_word'/>
</head>
<body>
  <div class='ocr_page' id='page_1' title='image "./corpusreformato19melagoog/corpusreformato19melagoog_0417.png"; bbox 0 0 4722 5808; ppageno 0'>
   <div class='ocr_carea' id='block_1_1' title="bbox 223 199 2261 312">
    <p class='ocr_par' dir='ltr' id='par_1_1' title="bbox 223 199 2261 312">
     <span class='ocr_line' id='line_1_1' title="bbox 223 199 2261 312; baseline 0.005 -30"><span class='ocrx_word' id='word_1_1' title='bbox 223 207 298 284; x_wconf 82' lang='lat'><strong>799</strong></span> <span class='ocrx_word' id='word_1_2' title='bbox 477 305 481 312; x_wconf 21' lang='grc' dir='ltr'>ι</span> <span class='ocrx_word' id='word_1_3' title='bbox 798 199 1231 284; x_wconf 77' lang='lat' dir='ltr'><strong>EPISTOLARUM</strong></span> <span class='ocrx_word' id='word_1_4' title='bbox 1280 203 1482 284; x_wconf 78' lang='lat' dir='ltr'><strong>Linix.</strong></span> <span class='ocrx_word' id='word_1_5' title='bbox 1536 209 1666 288; x_wconf 84' lang='grc'><strong>1545.</strong></span> <span class='ocrx_word' id='word_1_6' title='bbox 2071 259 2074 266; x_wconf 91' lang='grc'>-</span> <span class='ocrx_word' id='word_1_7' title='bbox 2185 223 2261 298; x_wconf 87' lang='grc'><strong>800</strong></span> 
     </span>
    </p>
   </div>
   <div class='ocr_carea' id='block_1_2' title="bbox 223 373 2264 1894">
    <p class='ocr_par' dir='ltr' id='par_1_2' title="bbox 224 373 2259 575">
     <span class='ocr_line' id='line_1_2' title="bbox 224 373 2259 478; baseline 0.003 -24"><span class='ocrx_word' id='word_1_8' title='bbox 224 395 311 454; x_wconf 89' lang='lat' dir='ltr'><strong>nota</strong></span> <span class='ocrx_word' id='word_1_9' title='bbox 331 391 384 453; x_wconf 87' lang='lat' dir='ltr'><strong>es&#39;t</strong></span> <span class='ocrx_word' id='word_1_10' title='bbox 404 403 512 476; x_wconf 88' lang='lat' dir='ltr'><strong>quam</strong></span> <span class='ocrx_word' id='word_1_11' title='bbox 530 377 608 452; x_wconf 89' lang='lat' dir='ltr'><strong>aliis</strong></span> <span class='ocrx_word' id='word_1_12' title='bbox 627 377 762 454; x_wconf 88' lang='lat' dir='ltr'><strong>multis.</strong></span> <span class='ocrx_word' id='word_1_13' title='bbox 819 373 955 450; x_wconf 90' lang='lat' dir='ltr'><strong>Dicunt</strong></span> <span class='ocrx_word' id='word_1_14' title='bbox 977 380 1015 449; x_wconf 94' lang='lat' dir='ltr'><strong>iri</strong></span> <span class='ocrx_word' id='word_1_15' title='bbox 1037 391 1215 450; x_wconf 87' lang='lat' dir='ltr'><strong>conventu</strong></span> <span class='ocrx_word' id='word_1_16' title='bbox 1264 375 1352 464; x_wconf 87' lang='lat' dir='ltr'><strong>lint,</strong></span> <span class='ocrx_word' id='word_1_17' title='bbox 1391 407 1431 453; x_wconf 92' lang='lat' dir='ltr'><strong>ac</strong></span> <span class='ocrx_word' id='word_1_18' title='bbox 1456 397 1596 475; x_wconf 91' lang='lat' dir='ltr'><strong>optent,</strong></span> <span class='ocrx_word' id='word_1_19' title='bbox 1629 384 1700 456; x_wconf 92' lang='lat' dir='ltr'><strong>iarn</strong></span> <span class='ocrx_word' id='word_1_20' title='bbox 1725 387 1811 458; x_wconf 92' lang='lat' dir='ltr'><strong>olim</strong></span> <span class='ocrx_word' id='word_1_21' title='bbox 1836 391 1983 478; x_wconf 91' lang='lat' dir='ltr'><strong>scimus,</strong></span> <span class='ocrx_word' id='word_1_22' title='bbox 2017 406 2051 464; x_wconf 89' lang='lat' dir='ltr'><strong>et</strong></span> <span class='ocrx_word' id='word_1_23' title='bbox 2074 387 2259 464; x_wconf 87' lang='lat' dir='ltr'><strong>Sabinum</strong></span> 
     </span>
     <span class='ocr_line' id='line_1_3' title="bbox 225 479 1807 575; baseline 0.004 -21"><span class='ocrx_word' id='word_1_24' title='bbox 225 487 262 554; x_wconf 91' lang='lat' dir='ltr'><strong>iii</strong></span> <span class='ocrx_word' id='word_1_25' title='bbox 279 485 369 554; x_wconf 90' lang='lat' dir='ltr'><strong>urbe</strong></span> <span class='ocrx_word' id='word_1_26' title='bbox 383 481 610 573; x_wconf 88' lang='lat' dir='ltr'><strong>Vangionum</strong></span> <span class='ocrx_word' id='word_1_27' title='bbox 628 479 899 552; x_wconf 78' lang='lat' dir='ltr'><strong>deliberationes</strong></span> <span class='ocrx_word' id='word_1_28' title='bbox 922 483 1120 575; x_wconf 90' lang='lat' dir='ltr'><strong>propositas</strong></span> <span class='ocrx_word' id='word_1_29' title='bbox 1143 504 1215 550; x_wconf 87' lang='lat' dir='ltr'><strong>esse</strong></span> <span class='ocrx_word' id='word_1_30' title='bbox 1264 505 1344 552; x_wconf 91' lang='lat' dir='ltr'><strong>cum</strong></span> <span class='ocrx_word' id='word_1_31' title='bbox 1364 484 1413 553; x_wconf 89' lang='lat' dir='ltr'><strong>eis</strong></span> <span class='ocrx_word' id='word_1_32' title='bbox 1427 484 1534 556; x_wconf 88' lang='lat' dir='ltr'><strong>rixari</strong></span> <span class='ocrx_word' id='word_1_33' title='bbox 1549 488 1693 560; x_wconf 91' lang='lat' dir='ltr'><strong>nollem.</strong></span> <span class='ocrx_word' id='word_1_34' title='bbox 1799 535 1807 544; x_wconf 73' lang='lat'><em>‹</em></span> 
     </span>
    </p>

    <p class='ocr_par' dir='ltr' id='par_1_3' title="bbox 223 577 2264 1794">
     <span class='ocr_line' id='line_1_4' title="bbox 226 577 2264 682; baseline 0.005 -26"><span class='ocrx_word' id='word_1_35' title='bbox 226 591 270 657; x_wconf 86' lang='lat' dir='ltr'><strong>ile</strong></span> <span class='ocrx_word' id='word_1_36' title='bbox 286 585 463 678; x_wconf 90' lang='lat' dir='ltr'><strong>colloquio</strong></span> <span class='ocrx_word' id='word_1_37' title='bbox 480 577 677 673; x_wconf 89' lang='lat' dir='ltr'><strong>theologico</strong></span> <span class='ocrx_word' id='word_1_38' title='bbox 695 583 822 652; x_wconf 91' lang='lat' dir='ltr'><strong>iterum</strong></span> <span class='ocrx_word' id='word_1_39' title='bbox 837 583 1074 668; x_wconf 87' lang='lat' dir='ltr'><strong>instituendo,</strong></span> <span class='ocrx_word' id='word_1_40' title='bbox 1100 584 1216 652; x_wconf 90' lang='lat' dir='ltr'><strong>utad-</strong></span> <span class='ocrx_word' id='word_1_41' title='bbox 1365 583 1462 654; x_wconf 87' lang='lat' dir='ltr'><strong>Tuas</strong></span> <span class='ocrx_word' id='word_1_42' title='bbox 1483 587 1616 660; x_wconf 79' lang='lat' dir='ltr'>litteras</span> <span class='ocrx_word' id='word_1_43' title='bbox 1641 605 1781 682; x_wconf 78' lang='lat' dir='ltr'><strong>expecto</strong></span> <span class='ocrx_word' id='word_1_44' title='bbox 1806 595 1850 662; x_wconf 92' lang='lat' dir='ltr'><strong>de</strong></span> <span class='ocrx_word' id='word_1_45' title='bbox 1872 586 1995 680; x_wconf 81' lang='lat' dir='ltr'><strong>Petro,</strong></span> <span class='ocrx_word' id='word_1_46' title='bbox 2036 579 2069 666; x_wconf 84' lang='lat' dir='ltr'><strong>et</strong></span> <span class='ocrx_word' id='word_1_47' title='bbox 2100 599 2146 666; x_wconf 87' lang='lat' dir='ltr'><strong>de</strong></span> <span class='ocrx_word' id='word_1_48' title='bbox 2178 597 2264 667; x_wconf 90' lang='lat' dir='ltr'><strong>aliis·</strong></span> 
     </span>
     <span class='ocr_line' id='line_1_5' title="bbox 224 683 2258 790; baseline 0.006 -32"><span class='ocrx_word' id='word_1_49' title='bbox 224 685 296 758; x_wconf 90' lang='lat' dir='ltr'><strong>huc</strong></span> <span class='ocrx_word' id='word_1_50' title='bbox 313 684 512 757; x_wconf 68' lang='lat' dir='ltr'><strong>conciliatio</strong></span> <span class='ocrx_word' id='word_1_51' title='bbox 528 683 710 754; x_wconf 88' lang='lat' dir='ltr'><strong>doctrinae</strong></span> <span class='ocrx_word' id='word_1_52' title='bbox 725 697 889 760; x_wconf 88' lang='lat' dir='ltr'><strong>tentetur.</strong></span> <span class='ocrx_word' id='word_1_53' title='bbox 947 683 1044 755; x_wconf 90' lang='lat' dir='ltr'><strong>Haec</strong></span> <span class='ocrx_word' id='word_1_54' title='bbox 1061 686 1106 754; x_wconf 93' lang='lat' dir='ltr'><strong>ad</strong></span> <span class='ocrx_word' id='word_1_55' title='bbox 1122 697 1157 754; x_wconf 89' lang='lat' dir='ltr'><strong>te</strong></span> <span class='ocrx_word' id='word_1_56' title='bbox 1174 707 1215 752; x_wconf 88' lang='lat' dir='ltr'><strong>cir</strong></span> <span class='ocrx_word' id='word_1_57' title='bbox 1262 684 1386 766; x_wconf 91' lang='lat' dir='ltr'><strong>rebus,</strong></span> <span class='ocrx_word' id='word_1_58' title='bbox 1413 689 1484 756; x_wconf 93' lang='lat' dir='ltr'><strong>imo</strong></span> <span class='ocrx_word' id='word_1_59' title='bbox 1502 713 1585 758; x_wconf 87' lang='lat' dir='ltr'><strong>vero</strong></span> <span class='ocrx_word' id='word_1_60' title='bbox 1602 691 1758 784; x_wconf 84' lang='lat' dir='ltr'><strong>colloqui</strong></span> <span class='ocrx_word' id='word_1_61' title='bbox 1775 706 1890 764; x_wconf 88' lang='lat' dir='ltr'><strong>tecum</strong></span> <span class='ocrx_word' id='word_1_62' title='bbox 1909 719 2122 790; x_wconf 83' lang='lat' dir='ltr'><strong>magnopere</strong></span> <span class='ocrx_word' id='word_1_63' title='bbox 2141 701 2258 789; x_wconf 91' lang='lat' dir='ltr'><strong>cupio.</strong></span> 
     </span>
     <span class='ocr_line' id='line_1_6' title="bbox 226 781 2260 883; baseline 0.004 -23"><span class='ocrx_word' id='word_1_64' title='bbox 226 789 306 860; x_wconf 89' lang='lat' dir='ltr'><strong>aula</strong></span> <span class='ocrx_word' id='word_1_65' title='bbox 328 785 501 859; x_wconf 73' lang='lat' dir='ltr'><strong>Senoniae</strong></span> <span class='ocrx_word' id='word_1_66' title='bbox 521 781 695 855; x_wconf 87' lang='lat' dir='ltr'><strong>Electoris</strong></span> <span class='ocrx_word' id='word_1_67' title='bbox 716 785 825 854; x_wconf 85' lang='lat' dir='ltr'><strong>scribi</strong></span> <span class='ocrx_word' id='word_1_68' title='bbox 849 785 1024 876; x_wconf 87' lang='lat' dir='ltr'><strong>copiosius</strong></span> <span class='ocrx_word' id='word_1_69' title='bbox 1050 786 1215 858; x_wconf 81' lang='lat' dir='ltr'><strong>arbitror.</strong></span> <span class='ocrx_word' id='word_1_70' title='bbox 1362 785 1544 860; x_wconf 87' lang='lat' dir='ltr'><strong>Plautinas</strong></span> <span class='ocrx_word' id='word_1_71' title='bbox 1569 789 1777 863; x_wconf 84' lang='lat' dir='ltr'><strong>Comoedias</strong></span> <span class='ocrx_word' id='word_1_72' title='bbox 1802 791 1908 866; x_wconf 90' lang='lat' dir='ltr'><strong>hodie</strong></span> <span class='ocrx_word' id='word_1_73' title='bbox 1933 797 2009 866; x_wconf 88' lang='lat' dir='ltr'><strong>vidi</strong></span> <span class='ocrx_word' id='word_1_74' title='bbox 2035 822 2055 868; x_wconf 90' lang='lat' dir='ltr'><strong>a</strong></span> <span class='ocrx_word' id='word_1_75' title='bbox 2077 809 2112 868; x_wconf 81' lang='lat' dir='ltr'><strong>t‘e</strong></span> <span class='ocrx_word' id='word_1_76' title='bbox 2134 801 2260 883; x_wconf 88' lang='lat' dir='ltr'><strong>editas,</strong></span> 
     </span>
     <span class='ocr_line' id='line_1_7' title="bbox 224 883 2259 980; baseline 0.004 -21"><span class='ocrx_word' id='word_1_77' title='bbox 224 887 301 979; x_wconf 87' lang='lat' dir='ltr'><strong>Ego</strong></span> <span class='ocrx_word' id='word_1_78' title='bbox 324 902 443 958; x_wconf 78' lang='lat' dir='ltr'><strong>tamui</strong></span> <span class='ocrx_word' id='word_1_79' title='bbox 465 885 550 980; x_wconf 90' lang='lat' dir='ltr'><strong>quia</strong></span> <span class='ocrx_word' id='word_1_80' title='bbox 564 887 684 956; x_wconf 91' lang='lat' dir='ltr'><strong>omnia</strong></span> <span class='ocrx_word' id='word_1_81' title='bbox 696 886 803 974; x_wconf 90' lang='lat' dir='ltr'><strong>digna</strong></span> <span class='ocrx_word' id='word_1_82' title='bbox 816 887 928 956; x_wconf 91' lang='lat' dir='ltr'><strong>relatu</strong></span> <span class='ocrx_word' id='word_1_83' title='bbox 945 887 1011 956; x_wconf 88' lang='lat' dir='ltr'><strong>tibi</strong></span> <span class='ocrx_word' id='word_1_84' title='bbox 1028 885 1216 976; x_wconf 83' lang='lat' dir='ltr'><strong>significari</strong></span> <span class='ocrx_word' id='word_1_85' title='bbox 1263 897 1298 954; x_wconf 85' lang='lat' dir='ltr'><strong>ct</strong></span> <span class='ocrx_word' id='word_1_86' title='bbox 1324 883 1478 958; x_wconf 89' lang='lat' dir='ltr'><strong>Dionem</strong></span> <span class='ocrx_word' id='word_1_87' title='bbox 1505 886 1679 960; x_wconf 84' lang='lat' dir='ltr'><strong>Amantii</strong></span> <span class='ocrx_word' id='word_1_88' title='bbox 1704 896 1850 965; x_wconf 89' lang='lat' dir='ltr'><strong>nomine</strong></span> <span class='ocrx_word' id='word_1_89' title='bbox 1883 899 2027 972; x_wconf 88' lang='lat' dir='ltr'><strong>editum.</strong></span> <span class='ocrx_word' id='word_1_90' title='bbox 2094 898 2259 972; x_wconf 81' lang='lat' dir='ltr'><strong>Gratiam</strong></span> 
     </span>
     <span class='ocr_line' id='line_1_8' title="bbox 226 983 2261 1086; baseline 0.006 -26"><span class='ocrx_word' id='word_1_91' title='bbox 226 989 349 1081; x_wconf 91' lang='lat' dir='ltr'><strong>cupio,</strong></span> <span class='ocrx_word' id='word_1_92' title='bbox 372 987 478 1058; x_wconf 90' lang='lat' dir='ltr'><strong>etiam</strong></span> <span class='ocrx_word' id='word_1_93' title='bbox 493 988 674 1072; x_wconf 90' lang='lat' dir='ltr'><strong>recensui,</strong></span> <span class='ocrx_word' id='word_1_94' title='bbox 706 1011 745 1056; x_wconf 90' lang='lat' dir='ltr'><strong>ac</strong></span> <span class='ocrx_word' id='word_1_95' title='bbox 760 983 875 1057; x_wconf 88' lang='lat' dir='ltr'><strong>Deum</strong></span> <span class='ocrx_word' id='word_1_96' title='bbox 892 1013 972 1072; x_wconf 89' lang='lat' dir='ltr'><strong>oro,</strong></span> <span class='ocrx_word' id='word_1_97' title='bbox 1005 1002 1046 1058; x_wconf 93' lang='lat' dir='ltr'><strong>ut</strong></span> <span class='ocrx_word' id='word_1_98' title='bbox 1065 990 1124 1057; x_wconf 90' lang='lat' dir='ltr'><strong>det</strong></span> <span class='ocrx_word' id='word_1_99' title='bbox 1138 987 1217 1078; x_wconf 90' lang='lat' dir='ltr'><strong>pla·</strong></span> <span class='ocrx_word' id='word_1_100' title='bbox 1262 983 1474 1075; x_wconf 90' lang='lat' dir='ltr'><strong>tibihabeo,</strong></span> <span class='ocrx_word' id='word_1_101' title='bbox 1510 995 1606 1086; x_wconf 92' lang='lat' dir='ltr'><strong>quod</strong></span> <span class='ocrx_word' id='word_1_102' title='bbox 1628 997 1742 1066; x_wconf 90' lang='lat' dir='ltr'><strong>studia</strong></span> <span class='ocrx_word' id='word_1_103' title='bbox 1764 997 1963 1068; x_wconf 89' lang='lat' dir='ltr'><strong>litterarum</strong></span> <span class='ocrx_word' id='word_1_104' title='bbox 1983 1013 2016 1068; x_wconf 90' lang='lat' dir='ltr'><strong>et</strong></span> <span class='ocrx_word' id='word_1_105' title='bbox 2038 1002 2200 1071; x_wconf 90' lang='lat' dir='ltr'><strong>accendis</strong></span> <span class='ocrx_word' id='word_1_106' title='bbox 2225 1017 2261 1072; x_wconf 90' lang='lat' dir='ltr'><strong>et</strong></span> 
     </span>
     <span class='ocr_line' id='line_1_9' title="bbox 225 1081 2259 1193; baseline 0.005 -31"><span class='ocrx_word' id='word_1_107' title='bbox 225 1093 344 1162; x_wconf 88' lang='lat' dir='ltr'><strong>cidum</strong></span> <span class='ocrx_word' id='word_1_108' title='bbox 365 1089 498 1160; x_wconf 85' lang='lat' dir='ltr'><strong>exitum</strong></span> <span class='ocrx_word' id='word_1_109' title='bbox 514 1087 618 1158; x_wconf 90' lang='lat' dir='ltr'><strong>ctiam</strong></span> <span class='ocrx_word' id='word_1_110' title='bbox 633 1081 718 1157; x_wconf 92' lang='lat' dir='ltr'><strong>huic</strong></span> <span class='ocrx_word' id='word_1_111' title='bbox 733 1089 924 1158; x_wconf 90' lang='lat' dir='ltr'><strong>conventui</strong></span> <span class='ocrx_word' id='word_1_112' title='bbox 939 1087 1216 1173; x_wconf 89' lang='lat' dir='ltr'><strong>Wormatiensi,</strong></span> <span class='ocrx_word' id='word_1_113' title='bbox 1262 1087 1362 1158; x_wconf 89' lang='lat' dir='ltr'><strong>iuvas</strong></span> <span class='ocrx_word' id='word_1_114' title='bbox 1379 1093 1527 1162; x_wconf 85' lang='lat' dir='ltr'><strong>assiduis</strong></span> <span class='ocrx_word' id='word_1_115' title='bbox 1545 1095 1738 1172; x_wconf 88' lang='lat' dir='ltr'><strong>laboribus.</strong></span> <span class='ocrx_word' id='word_1_116' title='bbox 1794 1097 1884 1168; x_wconf 80' lang='lat' dir='ltr'><strong>Nam</strong></span> <span class='ocrx_word' id='word_1_117' title='bbox 1900 1095 1963 1170; x_wconf 91' lang='lat' dir='ltr'><strong>has</strong></span> <span class='ocrx_word' id='word_1_118' title='bbox 1977 1124 2134 1193; x_wconf 90' lang='lat' dir='ltr'><strong>operasa</strong></span> <span class='ocrx_word' id='word_1_119' title='bbox 2152 1104 2259 1172; x_wconf 85' lang='lat' dir='ltr'><strong>nubis</strong></span> 
     </span>
     <span class='ocr_line' id='line_1_10' title="bbox 225 1187 2259 1287; baseline 0.007 -29"><span class='ocrx_word' id='word_1_120' title='bbox 225 1194 269 1262; x_wconf 87' lang='lat' dir='ltr'><strong>de</strong></span> <span class='ocrx_word' id='word_1_121' title='bbox 286 1187 535 1284; x_wconf 88' lang='lat' dir='ltr'><strong>quoPapistac</strong></span> <span class='ocrx_word' id='word_1_122' title='bbox 554 1189 686 1259; x_wconf 91' lang='lat' dir='ltr'><strong>atrocia</strong></span> <span class='ocrx_word' id='word_1_123' title='bbox 707 1188 899 1260; x_wconf 91' lang='lat' dir='ltr'><strong>minantur.</strong></span> <span class='ocrx_word' id='word_1_124' title='bbox 949 1187 1030 1260; x_wconf 87' lang='lat' dir='ltr'><strong>Dux</strong></span> <span class='ocrx_word' id='word_1_125' title='bbox 1045 1189 1216 1260; x_wconf 88' lang='lat' dir='ltr'><strong>Bavariae</strong></span> <span class='ocrx_word' id='word_1_126' title='bbox 1262 1187 1414 1281; x_wconf 84' lang='lat' dir='ltr'><strong>intelligi</strong></span> <span class='ocrx_word' id='word_1_127' title='bbox 1430 1217 1470 1264; x_wconf 93' lang='lat' dir='ltr'><strong>ac</strong></span> <span class='ocrx_word' id='word_1_128' title='bbox 1488 1195 1683 1287; x_wconf 86' lang='lat' dir='ltr'><strong>praedicari</strong></span> <span class='ocrx_word' id='word_1_129' title='bbox 1698 1199 1807 1270; x_wconf 88' lang='lat' dir='ltr'><strong>decet.</strong></span> <span class='ocrx_word' id='word_1_130' title='bbox 1864 1197 1919 1270; x_wconf 91' lang='lat' dir='ltr'><strong>De</strong></span> <span class='ocrx_word' id='word_1_131' title='bbox 1939 1202 2018 1272; x_wconf 91' lang='lat' dir='ltr'><strong>aliis</strong></span> <span class='ocrx_word' id='word_1_132' title='bbox 2040 1215 2131 1273; x_wconf 89' lang='lat' dir='ltr'><strong>recte</strong></span> <span class='ocrx_word' id='word_1_133' title='bbox 2156 1205 2259 1283; x_wconf 87' lang='lat' dir='ltr'><strong>dicis,</strong></span> 
     </span>
     <span class='ocr_line' id='line_1_11' title="bbox 232 1285 2259 1397; baseline 0.006 -34"><span class='ocrx_word' id='word_1_134' title='bbox 232 1285 470 1364; x_wconf 79' lang='lat' dir='ltr'><strong>W&#39;lhelmus</strong></span> <span class='ocrx_word' id='word_1_135' title='bbox 486 1290 604 1360; x_wconf 87' lang='lat' dir='ltr'><strong>virum</strong></span> <span class='ocrx_word' id='word_1_136' title='bbox 623 1290 793 1384; x_wconf 87' lang='lat' dir='ltr'><strong>equestris</strong></span> <span class='ocrx_word' id='word_1_137' title='bbox 809 1291 946 1359; x_wconf 92' lang='lat' dir='ltr'><strong>ordinis</strong></span> <span class='ocrx_word' id='word_1_138' title='bbox 964 1291 1104 1382; x_wconf 86' lang='lat' dir='ltr'><strong>capitali</strong></span> <span class='ocrx_word' id='word_1_139' title='bbox 1129 1316 1216 1381; x_wconf 92' lang='lat' dir='ltr'><strong>sup·</strong></span> <span class='ocrx_word' id='word_1_140' title='bbox 1263 1287 1308 1360; x_wconf 84' lang='grc' dir='ltr'><strong>οὐ</strong></span> <span class='ocrx_word' id='word_1_141' title='bbox 1332 1290 1487 1388; x_wconf 77' lang='grc' dir='ltr'><strong><em>φροντὶς</em></strong></span> <span class='ocrx_word' id='word_1_142' title='bbox 1506 1292 1733 1391; x_wconf 76' lang='lat' dir='ltr'><strong>innoxlsidp.</strong></span> <span class='ocrx_word' id='word_1_143' title='bbox 1794 1299 1892 1370; x_wconf 90' lang='lat' dir='ltr'><strong>Scire</strong></span> <span class='ocrx_word' id='word_1_144' title='bbox 1909 1303 2013 1394; x_wconf 83' lang='lat' dir='ltr'><strong>cupio</strong></span> <span class='ocrx_word' id='word_1_145' title='bbox 2030 1327 2074 1372; x_wconf 87' lang='lat' dir='ltr'><strong>on</strong></span> <span class='ocrx_word' id='word_1_146' title='bbox 2089 1329 2153 1396; x_wconf 91' lang='lat' dir='ltr'><strong>per</strong></span> <span class='ocrx_word' id='word_1_147' title='bbox 2167 1305 2259 1397; x_wconf 87' lang='lat' dir='ltr'><strong>Lip-</strong></span> 
     </span>
     <span class='ocr_line' id='line_1_12' title="bbox 223 1391 2259 1501; baseline 0.007 -42"><span class='ocrx_word' id='word_1_148' title='bbox 223 1393 331 1484; x_wconf 91' lang='lat' dir='ltr'><strong>plicio</strong></span> <span class='ocrx_word' id='word_1_149' title='bbox 360 1392 476 1462; x_wconf 85' lang='lat' dir='ltr'><strong>affecit</strong></span> <span class='ocrx_word' id='word_1_150' title='bbox 499 1405 683 1484; x_wconf 90' lang='lat' dir='ltr'><strong>propterea</strong></span> <span class='ocrx_word' id='word_1_151' title='bbox 706 1392 800 1484; x_wconf 92' lang='lat' dir='ltr'><strong>quod</strong></span> <span class='ocrx_word' id='word_1_152' title='bbox 827 1391 885 1460; x_wconf 88' lang='lat' dir='ltr'><strong>die</strong></span> <span class='ocrx_word' id='word_1_153' title='bbox 908 1393 1034 1460; x_wconf 86' lang='lat' dir='ltr'><strong>ieiunii</strong></span> <span class='ocrx_word' id='word_1_154' title='bbox 1064 1392 1217 1478; x_wconf 82' lang='lat' dir='ltr'><strong>comedit</strong></span> <span class='ocrx_word' id='word_1_155' title='bbox 1263 1391 1350 1461; x_wconf 92' lang='lat' dir='ltr'><strong>siam</strong></span> <span class='ocrx_word' id='word_1_156' title='bbox 1364 1396 1431 1464; x_wconf 92' lang='lat' dir='ltr'><strong>iter</strong></span> <span class='ocrx_word' id='word_1_157' title='bbox 1444 1391 1789 1469; x_wconf 83' lang='lat' dir='ltr'><strong>iecerintLutlierus</strong></span> <span class='ocrx_word' id='word_1_158' title='bbox 1803 1415 1838 1471; x_wconf 92' lang='lat' dir='ltr'><strong>et</strong></span> <span class='ocrx_word' id='word_1_159' title='bbox 1852 1397 2170 1501; x_wconf 70' lang='lat' dir='ltr'><strong>occupoqadpoc*),</strong></span> <span class='ocrx_word' id='word_1_160' title='bbox 2194 1408 2259 1500; x_wconf 92' lang='lat' dir='ltr'><strong>qui</strong></span> 
     </span>
     <span class='ocr_line' id='line_1_13' title="bbox 224 1485 2258 1597; baseline 0.007 -33"><span class='ocrx_word' id='word_1_161' title='bbox 224 1485 357 1568; x_wconf 83' lang='lat' dir='ltr'><strong>carnes.</strong></span> <span class='ocrx_word' id='word_1_162' title='bbox 407 1491 557 1584; x_wconf 89' lang='lat' dir='ltr'><strong>Propter</strong></span> <span class='ocrx_word' id='word_1_163' title='bbox 579 1489 670 1560; x_wconf 92' lang='lat' dir='ltr'><strong>hanc</strong></span> <span class='ocrx_word' id='word_1_164' title='bbox 693 1491 914 1579; x_wconf 83' lang='lat' dir='ltr'><strong>asperitatem</strong></span> <span class='ocrx_word' id='word_1_165' title='bbox 936 1493 1085 1563; x_wconf 87' lang='lat' dir='ltr'><strong>sciamus</strong></span> <span class='ocrx_word' id='word_1_166' title='bbox 1100 1491 1217 1562; x_wconf 92' lang='lat' dir='ltr'><strong>Deum</strong></span> <span class='ocrx_word' id='word_1_167' title='bbox 1263 1493 1307 1562; x_wconf 92' lang='lat' dir='ltr'><strong>ad</strong></span> <span class='ocrx_word' id='word_1_168' title='bbox 1326 1490 1541 1586; x_wconf 87' lang='lat' dir='ltr'><strong>Episcopum</strong></span> <span class='ocrx_word' id='word_1_169' title='bbox 1563 1504 1822 1597; x_wconf 80' lang='lat' dir='ltr'><strong>raonvpyaior</strong></span> <span class='ocrx_word' id='word_1_170' title='bbox 1842 1505 1990 1595; x_wconf 85' lang='lat' dir='ltr'><strong>profecti</strong></span> <span class='ocrx_word' id='word_1_171' title='bbox 2012 1521 2105 1578; x_wconf 88' lang='lat' dir='ltr'><strong>sunt.</strong></span> <span class='ocrx_word' id='word_1_172' title='bbox 2157 1507 2258 1578; x_wconf 88' lang='lat' dir='ltr'><strong>Bene</strong></span> 
     </span>
     <span class='ocr_line' id='line_1_14' title="bbox 223 1589 2259 1690; baseline 0.008 -27"><span class='ocrx_word' id='word_1_173' title='bbox 223 1595 329 1665; x_wconf 93' lang='lat' dir='ltr'><strong>nobis</strong></span> <span class='ocrx_word' id='word_1_174' title='bbox 347 1594 555 1665; x_wconf 87' lang='lat' dir='ltr'><strong>adfuturum</strong></span> <span class='ocrx_word' id='word_1_175' title='bbox 572 1613 655 1666; x_wconf 88' lang='lat' dir='ltr'><strong>esse.</strong></span> <span class='ocrx_word' id='word_1_176' title='bbox 706 1589 804 1660; x_wconf 92' lang='lat' dir='ltr'><strong>Bene</strong></span> <span class='ocrx_word' id='word_1_177' title='bbox 822 1595 900 1664; x_wconf 88' lang='lat' dir='ltr'><strong>vale</strong></span> <span class='ocrx_word' id='word_1_178' title='bbox 916 1609 1063 1686; x_wconf 91' lang='lat' dir='ltr'><strong>patrone</strong></span> <span class='ocrx_word' id='word_1_179' title='bbox 1082 1589 1216 1664; x_wconf 86' lang='lat' dir='ltr'><strong>charis-</strong></span> <span class='ocrx_word' id='word_1_180' title='bbox 1262 1595 1352 1668; x_wconf 87' lang='lat' dir='ltr'><strong>vale.</strong></span> <span class='ocrx_word' id='word_1_181' title='bbox 1384 1595 1465 1671; x_wconf 92' lang='lat' dir='ltr'><strong>Vll.</strong></span> <span class='ocrx_word' id='word_1_182' title='bbox 1481 1595 1555 1673; x_wconf 90' lang='lat' dir='ltr'><strong>Cal.</strong></span> <span class='ocrx_word' id='word_1_183' title='bbox 1573 1595 1724 1690; x_wconf 83' lang='lat' dir='ltr'><strong>Augusti</strong></span> <span class='ocrx_word' id='word_1_184' title='bbox 1746 1601 1969 1676; x_wconf 88' lang='lat' dir='ltr'><strong>Tabellarius</strong></span> <span class='ocrx_word' id='word_1_185' title='bbox 1986 1600 2138 1678; x_wconf 78' lang='lat' dir='ltr'><strong>Frisios</strong></span> <span class='ocrx_word' id='word_1_186' title='bbox 2161 1610 2259 1679; x_wconf 90' lang='lat' dir='ltr'><strong>litte-</strong></span> 
     </span>
     <span class='ocr_line' id='line_1_15' title="bbox 224 1688 2259 1794; baseline 0.008 -30"><span class='ocrx_word' id='word_1_187' title='bbox 224 1698 322 1769; x_wconf 89' lang='lat' dir='ltr'><strong>sime.</strong></span> <span class='ocrx_word' id='word_1_188' title='bbox 375 1692 571 1765; x_wconf 88' lang='lat' dir='ltr'><strong>Wittcrnb.</strong></span> <span class='ocrx_word' id='word_1_189' title='bbox 589 1716 683 1763; x_wconf 92' lang='lat' dir='ltr'><strong>anno</strong></span> <span class='ocrx_word' id='word_1_190' title='bbox 700 1688 810 1768; x_wconf 83' lang='lat'><strong>1545.</strong></span> <span class='ocrx_word' id='word_1_191' title='bbox 1262 1719 1319 1764; x_wconf 90' lang='lat' dir='ltr'><strong>ras</strong></span> <span class='ocrx_word' id='word_1_192' title='bbox 1345 1693 1664 1790; x_wconf 69' lang='lat' dir='ltr'><strong>habet&#39;peculiares</strong></span> <span class='ocrx_word' id='word_1_193' title='bbox 1688 1705 1732 1772; x_wconf 83' lang='lat' dir='ltr'><strong>ecl</strong></span> <span class='ocrx_word' id='word_1_194' title='bbox 1750 1695 2043 1794; x_wconf 80' lang='lat' dir='ltr'><strong>Caroloricium,</strong></span> <span class='ocrx_word' id='word_1_195' title='bbox 2074 1723 2108 1780; x_wconf 91' lang='lat' dir='ltr'><strong>et</strong></span> <span class='ocrx_word' id='word_1_196' title='bbox 2129 1713 2259 1780; x_wconf 89' lang='lat' dir='ltr'><strong>alteras</strong></span> 
     </span>
    </p>

    <p class='ocr_par' dir='ltr' id='par_1_4' title="bbox 1187 1794 1756 1894">
     <span class='ocr_line' id='line_1_16' title="bbox 1187 1794 1756 1894; baseline 0.021 -28"><span class='ocrx_word' id='word_1_197' title='bbox 1187 1863 1191 1866; x_wconf 84' lang='lat'><strong>.</strong></span> <span class='ocrx_word' id='word_1_198' title='bbox 1262 1797 1307 1865; x_wconf 92' lang='lat' dir='ltr'><strong>ad</strong></span> <span class='ocrx_word' id='word_1_199' title='bbox 1323 1794 1583 1871; x_wconf 88' lang='lat' dir='ltr'><strong>Cancellarium</strong></span> <span class='ocrx_word' id='word_1_200' title='bbox 1600 1805 1756 1894; x_wconf 91' lang='lat' dir='ltr'><strong>scriptas.</strong></span> 
     </span>
    </p>
   </div>
   <div class='ocr_carea' id='block_1_3' title="bbox 1834 1937 2205 2035">
    <p class='ocr_par' dir='ltr' id='par_1_5' title="bbox 1834 1937 2205 2035">
     <span class='ocr_line' id='line_1_17' title="bbox 1834 1937 2205 2035; baseline 0.019 -24"><span class='ocrx_word' id='word_1_201' title='bbox 1834 1947 1837 1951; x_wconf 81' lang='grc'><strong>’</strong></span> <span class='ocrx_word' id='word_1_202' title='bbox 1883 1937 2015 2035; x_wconf 89' lang='lat' dir='ltr'><strong>Philip.</strong></span> <span class='ocrx_word' id='word_1_203' title='bbox 2030 1939 2205 2018; x_wconf 88' lang='lat' dir='ltr'><strong>Melantli.</strong></span> 
     </span>
    </p>
   </div>
   <div class='ocr_carea' id='block_1_4' title="bbox 232 2029 1192 2106">
    <p class='ocr_par' dir='ltr' id='par_1_6' title="bbox 232 2029 1192 2106">
     <span class='ocr_line' id='line_1_18' title="bbox 232 2029 1192 2106; baseline -0.01 -1"><span class='ocrx_word' id='word_1_204' title='bbox 232 2035 300 2106; x_wconf 83' lang='lat' dir='ltr'><strong>NO.</strong></span> <span class='ocrx_word' id='word_1_205' title='bbox 313 2033 424 2105; x_wconf 71' lang='lat'><strong>3229.</strong></span> <span class='ocrx_word' id='word_1_206' title='bbox 824 2079 832 2090; x_wconf 68' lang='lat'>=</span> <span class='ocrx_word' id='word_1_207' title='bbox 1062 2039 1120 2102; x_wconf 76' lang='lat'><strong>26.</strong></span> <span class='ocrx_word' id='word_1_208' title='bbox 1133 2029 1192 2096; x_wconf 90' lang='lat' dir='ltr'><strong>lut.</strong></span> 
     </span>
    </p>
   </div>
   <div class='ocr_carea' id='block_1_5' title="bbox 230 2123 2252 2301">
    <p class='ocr_par' dir='ltr' id='par_1_7' title="bbox 230 2123 2252 2301">
     <span class='ocr_line' id='line_1_19' title="bbox 230 2123 2252 2178; baseline 0 -14"><span class='ocrx_word' id='word_1_209' title='bbox 230 2129 443 2164; x_wconf 56' lang='lat' dir='ltr'><strong>m</strong></span> <span class='ocrx_word' id='word_1_210' title='bbox 894 2167 898 2175; x_wconf 34' lang='grc'>1</span> <span class='ocrx_word' id='word_1_211' title='bbox 1043 2123 1214 2150; x_wconf 57' lang='lat' dir='ltr'><strong>m</strong></span> <span class='ocrx_word' id='word_1_212' title='bbox 1261 2141 2252 2178; x_wconf 47' lang='grc' dir='ltr'>Μ</span> 
     </span>
     <span class='ocr_line' id='line_1_20' title="bbox 498 2209 935 2301; baseline 0.002 -8"><span class='ocrx_word' id='word_1_213' title='bbox 498 2211 648 2301; x_wconf 81' lang='grc' dir='ltr'><strong>ΙοαοΙι.</strong></span> <span class='ocrx_word' id='word_1_214' title='bbox 674 2209 935 2298; x_wconf 79' lang='lat' dir='ltr'><strong>Camerario.</strong></span> 
     </span>
    </p>
   </div>
   <div class='ocr_carea' id='block_1_6' title="bbox 291 2295 2239 2463">
    <p class='ocr_par' dir='ltr' id='par_1_8' title="bbox 291 2295 2239 2463">
     <span class='ocr_line' id='line_1_21' title="bbox 1272 2295 2239 2396; baseline 0.012 -30"><span class='ocrx_word' id='word_1_215' title='bbox 1272 2295 1340 2370; x_wconf 91' lang='lat' dir='ltr'><strong>No.</strong></span> <span class='ocrx_word' id='word_1_216' title='bbox 1358 2297 1469 2367; x_wconf 72' lang='lat'><strong>3250.</strong></span> <span class='ocrx_word' id='word_1_217' title='bbox 2122 2314 2177 2392; x_wconf 90' lang='lat' dir='ltr'><strong>(ti.</strong></span> <span class='ocrx_word' id='word_1_218' title='bbox 2194 2318 2239 2396; x_wconf 84' lang='lat' dir='ltr'><strong>i.)</strong></span> 
     </span>
     <span class='ocr_line' id='line_1_22' title="bbox 291 2387 1876 2463; baseline -0.003 -19"><span class='ocrx_word' id='word_1_219' title='bbox 291 2390 374 2462; x_wconf 83' lang='lat' dir='ltr'><strong>Epist.</strong></span> <span class='ocrx_word' id='word_1_220' title='bbox 389 2391 421 2445; x_wconf 88' lang='lat' dir='ltr'><strong>ad</strong></span> <span class='ocrx_word' id='word_1_221' title='bbox 435 2389 575 2446; x_wconf 83' lang='lat' dir='ltr'><strong>Camerar.</strong></span> <span class='ocrx_word' id='word_1_222' title='bbox 592 2411 619 2463; x_wconf 92' lang='lat' dir='ltr'><strong>p.</strong></span> <span class='ocrx_word' id='word_1_223' title='bbox 633 2389 684 2443; x_wconf 77' lang='lat'><strong>622</strong></span> <span class='ocrx_word' id='word_1_224' title='bbox 697 2409 738 2462; x_wconf 80' lang='lat' dir='ltr'><strong>eq.</strong></span> <span class='ocrx_word' id='word_1_225' title='bbox 756 2388 809 2458; x_wconf 86' lang='lat' dir='ltr'><strong>(ed.</strong></span> <span class='ocrx_word' id='word_1_226' title='bbox 820 2387 907 2444; x_wconf 83' lang='lat' dir='ltr'><strong>Lond.</strong></span> <span class='ocrx_word' id='word_1_227' title='bbox 921 2387 967 2442; x_wconf 91' lang='lat' dir='ltr'><strong>lib.</strong></span> <span class='ocrx_word' id='word_1_228' title='bbox 980 2388 1027 2446; x_wconf 89' lang='lat' dir='ltr'><strong>lv.</strong></span> <span class='ocrx_word' id='word_1_229' title='bbox 1042 2407 1069 2459; x_wconf 89' lang='lat' dir='ltr'><strong>p.</strong></span> <span class='ocrx_word' id='word_1_230' title='bbox 1083 2387 1164 2454; x_wconf 66' lang='lat'><strong>672).</strong></span> <span class='ocrx_word' id='word_1_231' title='bbox 1265 2391 1475 2427; x_wconf 49' lang='grc' dir='ltr'><strong><em>Μ</em></strong></span> <span class='ocrx_word' id='word_1_232' title='bbox 1868 2389 1876 2400; x_wconf 73' lang='grc'><strong>“</strong></span> 
     </span>
    </p>
   </div>
   <div class='ocr_carea' id='block_1_7' title="bbox 222 2505 1906 2636">
    <p class='ocr_par' dir='ltr' id='par_1_9' title="bbox 222 2505 1906 2636">
     <span class='ocr_line' id='line_1_23' title="bbox 222 2505 1906 2636; baseline -0.007 -22"><span class='ocrx_word' id='word_1_233' title='bbox 222 2537 447 2614; x_wconf 85' lang='lat' dir='ltr'><strong>Clarissimo</strong></span> <span class='ocrx_word' id='word_1_234' title='bbox 470 2540 546 2614; x_wconf 80' lang='lat' dir='ltr'><strong>viro</strong></span> <span class='ocrx_word' id='word_1_235' title='bbox 569 2537 770 2610; x_wconf 74' lang='lat' dir='ltr'><strong>eruditione</strong></span> <span class='ocrx_word' id='word_1_236' title='bbox 797 2549 828 2609; x_wconf 87' lang='lat' dir='ltr'><strong>et</strong></span> <span class='ocrx_word' id='word_1_237' title='bbox 855 2533 982 2610; x_wconf 81' lang='lat' dir='ltr'><strong>virtute</strong></span> <span class='ocrx_word' id='word_1_238' title='bbox 1009 2541 1220 2636; x_wconf 74' lang='lat' dir='ltr'><strong>praestanti</strong></span> <span class='ocrx_word' id='word_1_239' title='bbox 1584 2567 1593 2576; x_wconf 94' lang='lat'><em>·</em></span> <span class='ocrx_word' id='word_1_240' title='bbox 1621 2505 1677 2590; x_wconf 81' lang='lat' dir='ltr'><strong>N·</strong></span> <span class='ocrx_word' id='word_1_241' title='bbox 1700 2509 1906 2593; x_wconf 65' lang='lat' dir='ltr'><strong>Medlffl&#39;oo</strong></span> 
     </span>
    </p>
   </div>
   <div class='ocr_carea' id='block_1_8' title="bbox 274 2635 2258 2745">
    <p class='ocr_par' dir='ltr' id='par_1_10' title="bbox 274 2635 2258 2745">
     <span class='ocr_line' id='line_1_24' title="bbox 274 2635 2258 2745; baseline 0.004 -33"><span class='ocrx_word' id='word_1_242' title='bbox 274 2641 303 2712; x_wconf 91' lang='lat' dir='ltr'><strong><em>I</em></strong></span> <span class='ocrx_word' id='word_1_243' title='bbox 308 2639 447 2714; x_wconf 78' lang='lat' dir='ltr'><strong>oaclii</strong></span> <span class='ocrx_word' id='word_1_244' title='bbox 452 2667 518 2712; x_wconf 91' lang='lat' dir='ltr'><strong>mo</strong></span> <span class='ocrx_word' id='word_1_245' title='bbox 540 2637 575 2714; x_wconf 88' lang='lat' dir='ltr'><em>C</em></span> <span class='ocrx_word' id='word_1_246' title='bbox 581 2667 605 2711; x_wconf 88' lang='lat' dir='ltr'><strong>a</strong></span> <span class='ocrx_word' id='word_1_247' title='bbox 614 2668 661 2715; x_wconf 89' lang='lat' dir='ltr'><strong>m.</strong></span> <span class='ocrx_word' id='word_1_248' title='bbox 686 2635 779 2713; x_wconf 88' lang='lat' dir='ltr'><strong>Pab.</strong></span> <span class='ocrx_word' id='word_1_249' title='bbox 804 2640 922 2711; x_wconf 87' lang='lat' dir='ltr'><strong>arnico</strong></span> <span class='ocrx_word' id='word_1_250' title='bbox 944 2666 1011 2710; x_wconf 88' lang='lat' dir='ltr'><strong>suu</strong></span> <span class='ocrx_word' id='word_1_251' title='bbox 1037 2641 1164 2716; x_wconf 77' lang='lat' dir='ltr'><strong>caries.</strong></span> <span class='ocrx_word' id='word_1_252' title='bbox 1322 2657 1393 2730; x_wconf 64' lang='lat'><em>&#39;5131</em></span> <span class='ocrx_word' id='word_1_253' title='bbox 1405 2658 1572 2745; x_wconf 73' lang='lat' dir='ltr'><strong>autographo</strong></span> <span class='ocrx_word' id='word_1_254' title='bbox 1593 2659 1621 2714; x_wconf 81' lang='lat' dir='ltr'><strong>in</strong></span> <span class='ocrx_word' id='word_1_255' title='bbox 1636 2662 1749 2717; x_wconf 76' lang='lat' dir='ltr'><strong>iabulir.</strong></span> <span class='ocrx_word' id='word_1_256' title='bbox 1763 2663 1866 2720; x_wconf 68' lang='lat' dir='ltr'><strong>Ecaten.</strong></span> <span class='ocrx_word' id='word_1_257' title='bbox 1881 2665 1983 2736; x_wconf 78' lang='lat' dir='ltr'><strong>Eving.</strong></span> <span class='ocrx_word' id='word_1_258' title='bbox 2000 2669 2173 2740; x_wconf 63' lang='lat' dir='ltr'><strong>argentorat</strong></span> <span class='ocrx_word' id='word_1_259' title='bbox 2188 2675 2258 2729; x_wconf 69' lang='lat' dir='ltr'><strong>...iii</strong></span> 
     </span>
    </p>
   </div>
   <div class='ocr_carea' id='block_1_9' title="bbox 223 2727 1749 2848">
    <p class='ocr_par' dir='ltr' id='par_1_11' title="bbox 223 2727 1749 2848">
     <span class='ocr_line' id='line_1_25' title="bbox 494 2727 1749 2798; baseline -0.001 -11"><span class='ocrx_word' id='word_1_260' title='bbox 494 2775 588 2793; x_wconf 87' lang='lat'><strong>...</strong></span> <span class='ocrx_word' id='word_1_261' title='bbox 692 2775 701 2792; x_wconf 90' lang='lat'><strong>.</strong></span> <span class='ocrx_word' id='word_1_262' title='bbox 808 2774 819 2792; x_wconf 84' lang='lat'><strong>.</strong></span> <span class='ocrx_word' id='word_1_263' title='bbox 1369 2727 1749 2798; x_wconf 82' lang='lat' dir='ltr'><strong>descriptaaCl.Strobe1iii.</strong></span> 
     </span>
     <span class='ocr_line' id='line_1_26' title="bbox 223 2757 1216 2848; baseline -0.002 -2"><span class='ocrx_word' id='word_1_264' title='bbox 223 2757 268 2846; x_wconf 82' lang='lat' dir='ltr'><strong>S.</strong></span> <span class='ocrx_word' id='word_1_265' title='bbox 295 2775 340 2848; x_wconf 92' lang='lat' dir='ltr'><strong>D.</strong></span> <span class='ocrx_word' id='word_1_266' title='bbox 391 2773 590 2844; x_wconf 77' lang='lat' dir='ltr'><strong>Meministi</strong></span> <span class='ocrx_word' id='word_1_267' title='bbox 612 2789 646 2845; x_wconf 94' lang='lat' dir='ltr'><strong>te</strong></span> <span class='ocrx_word' id='word_1_268' title='bbox 667 2777 787 2845; x_wconf 88' lang='lat' dir='ltr'><strong>videre</strong></span> <span class='ocrx_word' id='word_1_269' title='bbox 807 2799 845 2842; x_wconf 93' lang='lat' dir='ltr'><strong>iii</strong></span> <span class='ocrx_word' id='word_1_270' title='bbox 866 2775 955 2844; x_wconf 89' lang='lat' dir='ltr'><strong>urbe</strong></span> <span class='ocrx_word' id='word_1_271' title='bbox 970 2773 1216 2846; x_wconf 88' lang='lat' dir='ltr'><strong>Rauearorum</strong></span> 
     </span>
    </p>
   </div>
   <div class='ocr_carea' id='block_1_10' title="bbox 222 2868 2262 2981">
    <p class='ocr_par' dir='ltr' id='par_1_12' title="bbox 222 2868 2262 2981">
     <span class='ocr_line' id='line_1_27' title="bbox 222 2868 2262 2981; baseline 0.011 -33"><span class='ocrx_word' id='word_1_272' title='bbox 222 2877 360 2948; x_wconf 89' lang='lat' dir='ltr'><strong>Basilca</strong></span> <span class='ocrx_word' id='word_1_273' title='bbox 376 2869 586 2945; x_wconf 81' lang='lat' dir='ltr'><strong>Iohannem</strong></span> <span class='ocrx_word' id='word_1_274' title='bbox 604 2868 771 2945; x_wconf 84' lang='lat' dir='ltr'><strong>aLaslii</strong></span> <span class='ocrx_word' id='word_1_275' title='bbox 788 2890 911 2946; x_wconf 90' lang='lat' dir='ltr'><strong>natum</strong></span> <span class='ocrx_word' id='word_1_276' title='bbox 934 2875 973 2943; x_wconf 91' lang='lat' dir='ltr'><strong>in</strong></span> <span class='ocrx_word' id='word_1_277' title='bbox 995 2877 1127 2944; x_wconf 86' lang='lat' dir='ltr'><strong>familia</strong></span> <span class='ocrx_word' id='word_1_278' title='bbox 1149 2901 1216 2946; x_wconf 91' lang='lat' dir='ltr'><strong>no·</strong></span> <span class='ocrx_word' id='word_1_279' title='bbox 1265 2877 1561 2979; x_wconf 76' lang='lat' dir='ltr'><strong>(Fragmentum</strong></span> <span class='ocrx_word' id='word_1_280' title='bbox 1601 2887 1776 2981; x_wconf 87' lang='lat' dir='ltr'><strong>epistolae</strong></span> <span class='ocrx_word' id='word_1_281' title='bbox 1814 2883 2100 2978; x_wconf 60' lang='lat' dir='ltr'><strong>Melanthum,</strong></span> <span class='ocrx_word' id='word_1_282' title='bbox 2146 2891 2262 2970; x_wconf 84' lang='lat' dir='ltr'><strong>liarid</strong></span> 
     </span>
    </p>
   </div>
   <div class='ocr_carea' id='block_1_11' title="bbox 222 2971 2149 3170">
    <p class='ocr_par' dir='ltr' id='par_1_13' title="bbox 222 2971 2149 3170">
     <span class='ocr_line' id='line_1_28' title="bbox 223 2971 2149 3092; baseline 0.009 -44"><span class='ocrx_word' id='word_1_283' title='bbox 223 2978 395 3066; x_wconf 82' lang='lat' dir='ltr'><strong>liilissima</strong></span> <span class='ocrx_word' id='word_1_284' title='bbox 419 2977 532 3068; x_wconf 88' lang='lat' dir='ltr'><strong>geritis</strong></span> <span class='ocrx_word' id='word_1_285' title='bbox 553 2975 785 3063; x_wconf 86' lang='lat' dir='ltr'><strong>Sarmaticae,</strong></span> <span class='ocrx_word' id='word_1_286' title='bbox 819 2977 880 3071; x_wconf 91' lang='lat' dir='ltr'><strong>qui</strong></span> <span class='ocrx_word' id='word_1_287' title='bbox 901 3000 997 3046; x_wconf 90' lang='lat' dir='ltr'><strong>nunc</strong></span> <span class='ocrx_word' id='word_1_288' title='bbox 1018 2977 1056 3046; x_wconf 90' lang='lat' dir='ltr'><strong>in</strong></span> <span class='ocrx_word' id='word_1_289' title='bbox 1073 2971 1215 3048; x_wconf 82' lang='lat' dir='ltr'><strong>Frisiis</strong></span> <span class='ocrx_word' id='word_1_290' title='bbox 1364 2981 1471 3055; x_wconf 85' lang='lat' dir='ltr'><strong>dubie</strong></span> <span class='ocrx_word' id='word_1_291' title='bbox 1497 2981 1547 3060; x_wconf 92' lang='lat' dir='ltr'><em>N</em></span> <span class='ocrx_word' id='word_1_292' title='bbox 1548 2985 1701 3060; x_wconf 85' lang='lat' dir='ltr'><strong>icolao</strong></span> <span class='ocrx_word' id='word_1_293' title='bbox 1726 2985 1934 3062; x_wconf 84' lang='lat' dir='ltr'><strong>Medlero</strong></span> <span class='ocrx_word' id='word_1_294' title='bbox 1958 2995 2149 3092; x_wconf 83' lang='lat' dir='ltr'><strong>scriptae.)</strong></span> 
     </span>
     <span class='ocr_line' id='line_1_29' title="bbox 222 3074 1215 3170; baseline -0.001 -21"><span class='ocrx_word' id='word_1_295' title='bbox 222 3079 448 3150; x_wconf 88' lang='lat' dir='ltr'><strong>mediocriter</strong></span> <span class='ocrx_word' id='word_1_296' title='bbox 465 3080 640 3170; x_wconf 86' lang='lat' dir='ltr'><strong>gubernat</strong></span> <span class='ocrx_word' id='word_1_297' title='bbox 653 3074 838 3152; x_wconf 88' lang='lat' dir='ltr'><strong>Ecclesias.</strong></span> <span class='ocrx_word' id='word_1_298' title='bbox 891 3075 925 3147; x_wconf 90' lang='lat' dir='ltr'><strong>Is</strong></span> <span class='ocrx_word' id='word_1_299' title='bbox 946 3081 1064 3147; x_wconf 88' lang='lat' dir='ltr'><strong>adme</strong></span> <span class='ocrx_word' id='word_1_300' title='bbox 1084 3080 1215 3169; x_wconf 88' lang='lat' dir='ltr'><strong>episto-</strong></span> 
     </span>
    </p>
   </div>
   <div class='ocr_carea' id='block_1_12' title="bbox 221 3119 2257 3362">
    <p class='ocr_par' dir='ltr' id='par_1_14' title="bbox 221 3119 2257 3362">
     <span class='ocr_line' id='line_1_30' title="bbox 221 3119 2256 3250; baseline 0.005 -53"><span class='ocrx_word' id='word_1_301' title='bbox 221 3183 235 3250; x_wconf 63' lang='lat' dir='ltr'>l</span> <span class='ocrx_word' id='word_1_302' title='bbox 348 3180 406 3249; x_wconf 62' lang='lat' dir='ltr'><strong>..t</strong></span> <span class='ocrx_word' id='word_1_303' title='bbox 598 3179 640 3250; x_wconf 49' lang='lat' dir='ltr'><strong>[l</strong></span> <span class='ocrx_word' id='word_1_304' title='bbox 863 3192 877 3248; x_wconf 64' lang='lat' dir='ltr'><strong>t</strong></span> <span class='ocrx_word' id='word_1_305' title='bbox 891 3179 946 3247; x_wconf 73' lang='lat' dir='ltr'><strong>d.</strong></span> <span class='ocrx_word' id='word_1_306' title='bbox 977 3180 998 3246; x_wconf 75' lang='lat' dir='ltr'>d</span> <span class='ocrx_word' id='word_1_307' title='bbox 1085 3195 1097 3248; x_wconf 51' lang='lat' dir='ltr'>t</span> <span class='ocrx_word' id='word_1_308' title='bbox 1197 3223 1215 3236; x_wconf 50' lang='lat'>.</span> <span class='ocrx_word' id='word_1_309' title='bbox 1261 3165 1314 3178; x_wconf 86' lang='lat'>-</span> <span class='ocrx_word' id='word_1_310' title='bbox 1338 3163 1389 3178; x_wconf 90' lang='lat'><em>-</em></span> <span class='ocrx_word' id='word_1_311' title='bbox 1413 3165 1466 3177; x_wconf 92' lang='lat'>—</span> <span class='ocrx_word' id='word_1_312' title='bbox 1492 3119 1584 3196; x_wconf 89' lang='lat' dir='ltr'><strong>banc</strong></span> <span class='ocrx_word' id='word_1_313' title='bbox 1600 3149 1713 3196; x_wconf 89' lang='lat' dir='ltr'><strong>meam</strong></span> <span class='ocrx_word' id='word_1_314' title='bbox 1729 3131 1937 3202; x_wconf 89' lang='lat' dir='ltr'><strong>sententiam</strong></span> <span class='ocrx_word' id='word_1_315' title='bbox 1953 3137 2123 3224; x_wconf 89' lang='lat' dir='ltr'><strong>perscribi</strong></span> <span class='ocrx_word' id='word_1_316' title='bbox 2145 3141 2256 3208; x_wconf 91' lang='lat' dir='ltr'><strong>adil-</strong></span> 
     </span>
     <span class='ocr_line' id='line_1_31' title="bbox 237 3201 2257 3310; baseline 0.006 -13"><span class='ocrx_word' id='word_1_317' title='bbox 237 3207 292 3252; x_wconf 64' lang='lat' dir='ltr'><strong>am</strong></span> <span class='ocrx_word' id='word_1_318' title='bbox 308 3203 423 3296; x_wconf 58' lang='grc' dir='ltr'><strong>Μ’]</strong></span> <span class='ocrx_word' id='word_1_319' title='bbox 449 3203 595 3274; x_wconf 61' lang='lat' dir='ltr'>quamn</span> <span class='ocrx_word' id='word_1_320' title='bbox 642 3201 861 3296; x_wconf 48' lang='lat' dir='ltr'><strong>immite</strong></span> <span class='ocrx_word' id='word_1_321' title='bbox 917 3203 974 3248; x_wconf 66' lang='lat' dir='ltr'><strong>em</strong></span> <span class='ocrx_word' id='word_1_322' title='bbox 1002 3203 1081 3300; x_wconf 55' lang='lat' dir='ltr'><strong>iau</strong></span> <span class='ocrx_word' id='word_1_323' title='bbox 1113 3205 1196 3300; x_wconf 48' lang='lat' dir='ltr'><strong>prii</strong></span> <span class='ocrx_word' id='word_1_324' title='bbox 1262 3225 1512 3296; x_wconf 88' lang='lat' dir='ltr'><strong>lustrissimiim</strong></span> <span class='ocrx_word' id='word_1_325' title='bbox 1543 3230 1669 3297; x_wconf 88' lang='lat' dir='ltr'><strong>ducein</strong></span> <span class='ocrx_word' id='word_1_326' title='bbox 1703 3227 1877 3301; x_wconf 83' lang='lat' dir='ltr'><strong>Saxoniae</strong></span> <span class='ocrx_word' id='word_1_327' title='bbox 1901 3231 2100 3304; x_wconf 87' lang='lat' dir='ltr'><strong>Electorem</strong></span> <span class='ocrx_word' id='word_1_328' title='bbox 2128 3241 2257 3310; x_wconf 80' lang='lat' dir='ltr'><strong>volue-</strong></span> 
     </span>
     <span class='ocr_line' id='line_1_32' title="bbox 221 3273 1213 3362; baseline -0.003 -10"><span class='ocrx_word' id='word_1_329' title='bbox 221 3287 312 3352; x_wconf 84' lang='lat' dir='ltr'><strong>fecto</strong></span> <span class='ocrx_word' id='word_1_330' title='bbox 341 3303 430 3350; x_wconf 91' lang='lat' dir='ltr'><strong>arcis</strong></span> <span class='ocrx_word' id='word_1_331' title='bbox 452 3273 869 3362; x_wconf 68' lang='lat' dir='ltr'><strong>nestraeCaroloarcio,</strong></span> <span class='ocrx_word' id='word_1_332' title='bbox 910 3292 971 3350; x_wconf 89' lang='lat' dir='ltr'><strong>aut</strong></span> <span class='ocrx_word' id='word_1_333' title='bbox 993 3278 1213 3349; x_wconf 74' lang='lat' dir='ltr'><strong>(macellaria</strong></span> 
     </span>
    </p>
   </div>
   <div class='ocr_carea' id='block_1_13' title="bbox 220 3329 2256 3526">
    <p class='ocr_par' dir='ltr' id='par_1_15' title="bbox 220 3329 2256 3526">
     <span class='ocr_line' id='line_1_33' title="bbox 220 3329 2256 3498; baseline 0.001 -46"><span class='ocrx_word' id='word_1_334' title='bbox 220 3379 414 3453; x_wconf 89' lang='lat' dir='ltr'><strong>Dresdensi</strong></span> <span class='ocrx_word' id='word_1_335' title='bbox 431 3380 612 3471; x_wconf 83' lang='lat' dir='ltr'><strong>negotium</strong></span> <span class='ocrx_word' id='word_1_336' title='bbox 629 3382 863 3453; x_wconf 88' lang='lat' dir='ltr'><strong>commendes.</strong></span> <span class='ocrx_word' id='word_1_337' title='bbox 914 3378 996 3448; x_wconf 88' lang='lat' dir='ltr'><strong>Non</strong></span> <span class='ocrx_word' id='word_1_338' title='bbox 1015 3381 1159 3465; x_wconf 90' lang='lat' dir='ltr'><strong>dubito,</strong></span> <span class='ocrx_word' id='word_1_339' title='bbox 1184 3383 1215 3450; x_wconf 91' lang='lat' dir='ltr'><strong>si</strong></span> <span class='ocrx_word' id='word_1_340' title='bbox 1262 3339 1366 3498; x_wconf 55' lang='lat' dir='ltr'><strong>ffim’</strong></span> <span class='ocrx_word' id='word_1_341' title='bbox 1392 3351 1495 3419; x_wconf 62' lang='lat' dir='ltr'>quam</span> <span class='ocrx_word' id='word_1_342' title='bbox 1513 3329 1975 3450; x_wconf 60' lang='lat' dir='ltr'><strong>ub¹.qu⁰que¹mi¹oend³m</strong></span> <span class='ocrx_word' id='word_1_343' title='bbox 1991 3339 2256 3456; x_wconf 63' lang='lat' dir='ltr'><strong>²⁵⁵idu¹imu⁵&#39;</strong></span> 
     </span>
     <span class='ocr_line' id='line_1_34' title="bbox 1306 3429 2255 3526; baseline 0.016 -30"><span class='ocrx_word' id='word_1_344' title='bbox 1306 3451 1453 3498; x_wconf 92' lang='lat' dir='ltr'><strong>ovemur</strong></span> <span class='ocrx_word' id='word_1_345' title='bbox 1466 3443 1670 3500; x_wconf 85' lang='lat' dir='ltr'><strong>necessitate</strong></span> <span class='ocrx_word' id='word_1_346' title='bbox 1694 3433 1856 3504; x_wconf 89' lang='lat' dir='ltr'><strong>ecclesiae</strong></span> <span class='ocrx_word' id='word_1_347' title='bbox 1871 3429 2189 3526; x_wconf 74' lang='lat' dir='ltr'><strong>Brunsiricensis,</strong></span> <span class='ocrx_word' id='word_1_348' title='bbox 2216 3459 2255 3512; x_wconf 88' lang='lat' dir='ltr'><strong>et</strong></span> 
     </span>
    </p>
   </div>
   <div class='ocr_carea' id='block_1_14' title="bbox 221 3481 2255 3628">
    <p class='ocr_par' dir='ltr' id='par_1_16' title="bbox 221 3481 2255 3628">
     <span class='ocr_line' id='line_1_35' title="bbox 221 3481 2255 3628; baseline 0.016 -50"><span class='ocrx_word' id='word_1_349' title='bbox 221 3485 308 3576; x_wconf 67' lang='lat' dir='ltr'><strong>quid</strong></span> <span class='ocrx_word' id='word_1_350' title='bbox 326 3483 512 3573; x_wconf 38' lang='lat' dir='ltr'><strong>Pecunia&amp;</strong></span> <span class='ocrx_word' id='word_1_351' title='bbox 545 3494 606 3551; x_wconf 62' lang='lat'><strong>³¹¹²</strong></span> <span class='ocrx_word' id='word_1_352' title='bbox 626 3495 916 3566; x_wconf 59' lang='lat' dir='ltr'><strong>⁰m³¹¹¹⁸¹¹t⁰fflm</strong></span> <span class='ocrx_word' id='word_1_353' title='bbox 939 3481 1116 3573; x_wconf 62' lang='lat' dir='ltr'><strong>reliquum</strong></span> <span class='ocrx_word' id='word_1_354' title='bbox 1137 3482 1216 3567; x_wconf 47' lang='grc' dir='ltr'><strong>Μ’</strong></span> <span class='ocrx_word' id='word_1_355' title='bbox 1262 3528 1346 3598; x_wconf 92' lang='lat' dir='ltr'><strong>talia</strong></span> <span class='ocrx_word' id='word_1_356' title='bbox 1371 3542 1455 3600; x_wconf 92' lang='lat' dir='ltr'><strong>sunt</strong></span> <span class='ocrx_word' id='word_1_357' title='bbox 1473 3543 1653 3624; x_wconf 90' lang='lat' dir='ltr'><strong>tempora,</strong></span> <span class='ocrx_word' id='word_1_358' title='bbox 1678 3543 1719 3601; x_wconf 92' lang='lat' dir='ltr'><strong>ut</strong></span> <span class='ocrx_word' id='word_1_359' title='bbox 1735 3535 1837 3604; x_wconf 89' lang='lat' dir='ltr'><strong>valde</strong></span> <span class='ocrx_word' id='word_1_360' title='bbox 1860 3559 1949 3628; x_wconf 90' lang='lat' dir='ltr'><strong>opus</strong></span> <span class='ocrx_word' id='word_1_361' title='bbox 1965 3537 2010 3606; x_wconf 90' lang='lat' dir='ltr'><strong>sit</strong></span> <span class='ocrx_word' id='word_1_362' title='bbox 2024 3539 2148 3610; x_wconf 89' lang='lat' dir='ltr'><strong>talium</strong></span> <span class='ocrx_word' id='word_1_363' title='bbox 2162 3543 2255 3612; x_wconf 87' lang='lat' dir='ltr'><strong>civi-</strong></span> 
     </span>
    </p>
   </div>
   <div class='ocr_carea' id='block_1_15' title="bbox 1251 3633 2353 4024">
    <p class='ocr_par' dir='ltr' id='par_1_17' title="bbox 1251 3633 2353 4024">
     <span class='ocr_line' id='line_1_36' title="bbox 1262 3633 2254 3736; baseline 0.013 -36"><span class='ocrx_word' id='word_1_364' title='bbox 1262 3643 1373 3700; x_wconf 91' lang='lat' dir='ltr'><strong>tatum</strong></span> <span class='ocrx_word' id='word_1_365' title='bbox 1388 3633 1615 3704; x_wconf 90' lang='lat' dir='ltr'><strong>concordiam</strong></span> <span class='ocrx_word' id='word_1_366' title='bbox 1630 3634 1733 3704; x_wconf 88' lang='lat' dir='ltr'><strong>tueri.</strong></span> <span class='ocrx_word' id='word_1_367' title='bbox 1784 3633 1876 3705; x_wconf 89' lang='lat' dir='ltr'><strong>Nam</strong></span> <span class='ocrx_word' id='word_1_368' title='bbox 1898 3661 1996 3727; x_wconf 78' lang='lat' dir='ltr'><strong>reges</strong></span> <span class='ocrx_word' id='word_1_369' title='bbox 2012 3654 2047 3710; x_wconf 87' lang='lat' dir='ltr'><strong>et</strong></span> <span class='ocrx_word' id='word_1_370' title='bbox 2061 3642 2254 3736; x_wconf 88' lang='lat' dir='ltr'><strong>principes,</strong></span> 
     </span>
     <span class='ocr_line' id='line_1_37' title="bbox 1251 3729 2253 3829; baseline 0.017 -30"><span class='ocrx_word' id='word_1_371' title='bbox 1251 3731 1324 3824; x_wconf 88' lang='lat' dir='ltr'><strong>·qui</strong></span> <span class='ocrx_word' id='word_1_372' title='bbox 1347 3731 1460 3800; x_wconf 91' lang='lat' dir='ltr'><strong>lucem</strong></span> <span class='ocrx_word' id='word_1_373' title='bbox 1474 3729 1660 3824; x_wconf 85' lang='lat' dir='ltr'><strong>Evangelii</strong></span> <span class='ocrx_word' id='word_1_374' title='bbox 1679 3733 1868 3805; x_wconf 83' lang='lat' dir='ltr'><strong>extinctam</strong></span> <span class='ocrx_word' id='word_1_375' title='bbox 1886 3741 2051 3829; x_wconf 90' lang='lat' dir='ltr'><strong>cupiunt,</strong></span> <span class='ocrx_word' id='word_1_376' title='bbox 2076 3767 2154 3812; x_wconf 92' lang='lat' dir='ltr'><strong>cum</strong></span> <span class='ocrx_word' id='word_1_377' title='bbox 2180 3747 2253 3816; x_wconf 90' lang='lat' dir='ltr'><strong>alia</strong></span> 
     </span>
     <span class='ocr_line' id='line_1_38' title="bbox 1261 3833 2254 3935; baseline 0.016 -35"><span class='ocrx_word' id='word_1_378' title='bbox 1261 3833 1373 3902; x_wconf 90' lang='lat' dir='ltr'><strong>multa</strong></span> <span class='ocrx_word' id='word_1_379' title='bbox 1393 3833 1524 3902; x_wconf 89' lang='lat' dir='ltr'><strong>atrocia</strong></span> <span class='ocrx_word' id='word_1_380' title='bbox 1548 3857 1646 3903; x_wconf 92' lang='lat' dir='ltr'><strong>nunc</strong></span> <span class='ocrx_word' id='word_1_381' title='bbox 1664 3835 1894 3922; x_wconf 87' lang='lat' dir='ltr'><strong>minitentur,</strong></span> <span class='ocrx_word' id='word_1_382' title='bbox 1923 3853 1999 3909; x_wconf 92' lang='lat' dir='ltr'><strong>tum</strong></span> <span class='ocrx_word' id='word_1_383' title='bbox 2013 3867 2096 3912; x_wconf 91' lang='lat' dir='ltr'><strong>vcro</strong></span> <span class='ocrx_word' id='word_1_384' title='bbox 2113 3849 2254 3935; x_wconf 87' lang='lat' dir='ltr'><strong>praeci·</strong></span> 
     </span>
     <span class='ocr_line' id='line_1_39' title="bbox 1261 3934 2353 4024; baseline 0.016 -22"><span class='ocrx_word' id='word_1_385' title='bbox 1261 3957 1329 4024; x_wconf 92' lang='lat' dir='ltr'><strong>pue</strong></span> <span class='ocrx_word' id='word_1_386' title='bbox 1356 3934 1393 4000; x_wconf 92' lang='lat' dir='ltr'><strong>iii</strong></span> <span class='ocrx_word' id='word_1_387' title='bbox 1417 3934 1616 4005; x_wconf 88' lang='lat' dir='ltr'><strong>civitatibus</strong></span> <span class='ocrx_word' id='word_1_388' title='bbox 1637 3935 1831 4008; x_wconf 88' lang='lat' dir='ltr'><strong>factionum</strong></span> <span class='ocrx_word' id='word_1_389' title='bbox 1853 3941 1969 4010; x_wconf 88' lang='lat' dir='ltr'><strong>studia</strong></span> <span class='ocrx_word' id='word_1_390' title='bbox 1985 3947 2173 4014; x_wconf 84' lang='lat' dir='ltr'><strong>accendere</strong></span> <span class='ocrx_word' id='word_1_391' title='bbox 2190 3973 2255 4018; x_wconf 87' lang='lat' dir='ltr'><strong>co-</strong></span> <span class='ocrx_word' id='word_1_392' title='bbox 2352 3935 2353 3938; x_wconf 22' lang='lat'>¹</span> 
     </span>
    </p>
   </div>
   <div class='ocr_carea' id='block_1_16' title="bbox 220 3581 1216 4079">
    <p class='ocr_par' dir='ltr' id='par_1_18' title="bbox 220 3581 1216 4079">
     <span class='ocr_line' id='line_1_40' title="bbox 221 3581 1216 3673; baseline 0 -20"><span class='ocrx_word' id='word_1_393' title='bbox 221 3585 406 3656; x_wconf 84' lang='lat' dir='ltr'><strong>interfecto</strong></span> <span class='ocrx_word' id='word_1_394' title='bbox 429 3584 492 3654; x_wconf 92' lang='lat' dir='ltr'><strong>illo</strong></span> <span class='ocrx_word' id='word_1_395' title='bbox 518 3581 697 3669; x_wconf 91' lang='lat' dir='ltr'><strong>Sarmata,</strong></span> <span class='ocrx_word' id='word_1_396' title='bbox 735 3584 942 3654; x_wconf 90' lang='lat' dir='ltr'><strong>mandatum</strong></span> <span class='ocrx_word' id='word_1_397' title='bbox 966 3603 1040 3650; x_wconf 88' lang='lat' dir='ltr'><strong>csse</strong></span> <span class='ocrx_word' id='word_1_398' title='bbox 1061 3583 1216 3673; x_wconf 90' lang='lat' dir='ltr'><strong>publice,</strong></span> 
     </span>
     <span class='ocr_line' id='line_1_41' title="bbox 220 3681 1216 3775; baseline 0.001 -20"><span class='ocrx_word' id='word_1_399' title='bbox 220 3700 262 3756; x_wconf 90' lang='lat' dir='ltr'><strong>iit</strong></span> <span class='ocrx_word' id='word_1_400' title='bbox 283 3685 403 3756; x_wconf 90' lang='lat' dir='ltr'><strong>omnia</strong></span> <span class='ocrx_word' id='word_1_401' title='bbox 424 3683 670 3755; x_wconf 90' lang='lat' dir='ltr'><strong>custodiantur</strong></span> <span class='ocrx_word' id='word_1_402' title='bbox 686 3696 721 3754; x_wconf 92' lang='lat' dir='ltr'><strong>et</strong></span> <span class='ocrx_word' id='word_1_403' title='bbox 735 3683 829 3775; x_wconf 89' lang='lat' dir='ltr'><strong>patri</strong></span> <span class='ocrx_word' id='word_1_404' title='bbox 845 3681 1074 3754; x_wconf 89' lang='lat' dir='ltr'><strong>adolescentis</strong></span> <span class='ocrx_word' id='word_1_405' title='bbox 1091 3684 1216 3756; x_wconf 88' lang='lat' dir='ltr'><strong>reinit-</strong></span> 
     </span>
     <span class='ocr_line' id='line_1_42' title="bbox 221 3778 1215 3878; baseline -0.001 -20"><span class='ocrx_word' id='word_1_406' title='bbox 221 3800 353 3858; x_wconf 88' lang='lat' dir='ltr'><strong>tantur.</strong></span> <span class='ocrx_word' id='word_1_407' title='bbox 405 3783 669 3878; x_wconf 84' lang='lat' dir='ltr'><strong>Quoquomodo</strong></span> <span class='ocrx_word' id='word_1_408' title='bbox 687 3806 743 3854; x_wconf 89' lang='lat' dir='ltr'><strong>res</strong></span> <span class='ocrx_word' id='word_1_409' title='bbox 757 3809 793 3854; x_wconf 91' lang='lat' dir='ltr'><strong>se</strong></span> <span class='ocrx_word' id='word_1_410' title='bbox 807 3780 930 3868; x_wconf 89' lang='lat' dir='ltr'><strong>habet,</strong></span> <span class='ocrx_word' id='word_1_411' title='bbox 959 3778 1148 3856; x_wconf 89' lang='lat' dir='ltr'><strong>honestum</strong></span> <span class='ocrx_word' id='word_1_412' title='bbox 1163 3801 1215 3857; x_wconf 88' lang='lat' dir='ltr'><strong>est</strong></span> 
     </span>
     <span class='ocr_line' id='line_1_43' title="bbox 221 3883 1213 3982; baseline 0 -25"><span class='ocrx_word' id='word_1_413' title='bbox 221 3913 305 3959; x_wconf 73' lang='lat' dir='ltr'><strong>isera</strong></span> <span class='ocrx_word' id='word_1_414' title='bbox 319 3886 526 3978; x_wconf 89' lang='lat' dir='ltr'><strong>significare.</strong></span> <span class='ocrx_word' id='word_1_415' title='bbox 578 3883 650 3957; x_wconf 88' lang='lat' dir='ltr'><strong>Nec</strong></span> <span class='ocrx_word' id='word_1_416' title='bbox 668 3885 793 3958; x_wconf 92' lang='lat' dir='ltr'><strong>dubito</strong></span> <span class='ocrx_word' id='word_1_417' title='bbox 807 3883 946 3982; x_wconf 89' lang='lat' dir='ltr'><strong>Mysos,</strong></span> <span class='ocrx_word' id='word_1_418' title='bbox 971 3909 1060 3978; x_wconf 90' lang='lat' dir='ltr'><strong>quos</strong></span> <span class='ocrx_word' id='word_1_419' title='bbox 1081 3887 1149 3956; x_wconf 92' lang='lat' dir='ltr'><strong>scis</strong></span> <span class='ocrx_word' id='word_1_420' title='bbox 1168 3888 1213 3957; x_wconf 92' lang='lat' dir='ltr'><strong>ab</strong></span> 
     </span>
     <span class='ocr_line' id='line_1_44' title="bbox 220 3983 1214 4079; baseline -0.001 -21"><span class='ocrx_word' id='word_1_421' title='bbox 220 3988 377 4060; x_wconf 89' lang='lat' dir='ltr'><strong>Homero</strong></span> <span class='ocrx_word' id='word_1_422' title='bbox 394 3989 465 4058; x_wconf 93' lang='lat' dir='ltr'><strong>dici</strong></span> <span class='ocrx_word' id='word_1_423' title='bbox 487 3987 696 4058; x_wconf 86' lang='lat' dir='ltr'><strong>iustissimos</strong></span> <span class='ocrx_word' id='word_1_424' title='bbox 720 3983 923 4072; x_wconf 88' lang='lat' dir='ltr'><strong>hominum,</strong></span> <span class='ocrx_word' id='word_1_425' title='bbox 954 3984 1044 4056; x_wconf 90' lang='lat' dir='ltr'><strong>iusta</strong></span> <span class='ocrx_word' id='word_1_426' title='bbox 1065 4011 1214 4079; x_wconf 92' lang='lat' dir='ltr'><strong>respon-</strong></span> 
     </span>
    </p>
   </div>
   <div class='ocr_carea' id='block_1_17' title="bbox 221 4033 2254 4180">
    <p class='ocr_par' dir='ltr' id='par_1_19' title="bbox 221 4033 2254 4180">
     <span class='ocr_line' id='line_1_45' title="bbox 221 4033 2254 4180; baseline -0.012 -22"><span class='ocrx_word' id='word_1_427' title='bbox 221 4113 323 4160; x_wconf 83' lang='lat' dir='ltr'><strong>suros</strong></span> <span class='ocrx_word' id='word_1_428' title='bbox 347 4113 431 4162; x_wconf 85' lang='lat' dir='ltr'><strong>esse.</strong></span> <span class='ocrx_word' id='word_1_429' title='bbox 488 4087 704 4180; x_wconf 89' lang='lat' dir='ltr'><strong>Scripseram</strong></span> <span class='ocrx_word' id='word_1_430' title='bbox 734 4093 778 4159; x_wconf 93' lang='lat' dir='ltr'><strong>ad</strong></span> <span class='ocrx_word' id='word_1_431' title='bbox 808 4113 888 4158; x_wconf 90' lang='lat' dir='ltr'><strong>euni</strong></span> <span class='ocrx_word' id='word_1_432' title='bbox 918 4089 962 4155; x_wconf 92' lang='lat' dir='ltr'><strong>de</strong></span> <span class='ocrx_word' id='word_1_433' title='bbox 990 4089 1213 4177; x_wconf 90' lang='lat' dir='ltr'><strong>dogmatibus</strong></span> <span class='ocrx_word' id='word_1_434' title='bbox 1261 4034 1452 4107; x_wconf 55' lang='lat' dir='ltr'>mbunmr‘</span> <span class='ocrx_word' id='word_1_435' title='bbox 1513 4033 1633 4123; x_wconf 65' lang='lat' dir='ltr'><strong>Qum</strong></span> <span class='ocrx_word' id='word_1_436' title='bbox 1653 4037 1772 4126; x_wconf 57' lang='lat' dir='ltr'><strong>Pium’</strong></span> <span class='ocrx_word' id='word_1_437' title='bbox 1803 4043 1947 4127; x_wconf 57' lang='lat' dir='ltr'>gravem</span> <span class='ocrx_word' id='word_1_438' title='bbox 1976 4057 2010 4114; x_wconf 62' lang='lat' dir='ltr'><strong>et</strong></span> <span class='ocrx_word' id='word_1_439' title='bbox 2038 4049 2254 4136; x_wconf 65' lang='lat' dir='ltr'><strong>Pffldenlem</strong></span> 
     </span>
    </p>
   </div>
   <div class='ocr_carea' id='block_1_18' title="bbox 221 4134 2254 4283">
    <p class='ocr_par' dir='ltr' id='par_1_20' title="bbox 221 4134 2254 4283">
     <span class='ocr_line' id='line_1_46' title="bbox 221 4134 2254 4283; baseline 0.003 -70"><span class='ocrx_word' id='word_1_440' title='bbox 221 4192 456 4283; x_wconf 57' lang='lat' dir='ltr'><strong>quibusdam,</strong></span> <span class='ocrx_word' id='word_1_441' title='bbox 489 4213 579 4279; x_wconf 63' lang='lat' dir='ltr'><strong>quae</strong></span> <span class='ocrx_word' id='word_1_442' title='bbox 603 4193 648 4260; x_wconf 57' lang='lat' dir='ltr'><strong>ad</strong></span> <span class='ocrx_word' id='word_1_443' title='bbox 664 4215 719 4259; x_wconf 67' lang='lat' dir='ltr'><strong>me</strong></span> <span class='ocrx_word' id='word_1_444' title='bbox 734 4191 806 4260; x_wconf 59' lang='lat' dir='ltr'><strong>dux</strong></span> <span class='ocrx_word' id='word_1_445' title='bbox 822 4187 983 4258; x_wconf 52' lang='lat' dir='ltr'><strong>prussiae</strong></span> <span class='ocrx_word' id='word_1_446' title='bbox 1001 4189 1108 4261; x_wconf 48' lang='lat' dir='ltr'><strong>misit·</strong></span> <span class='ocrx_word' id='word_1_447' title='bbox 1158 4187 1212 4258; x_wconf 67' lang='lat' dir='ltr'><strong>De</strong></span> <span class='ocrx_word' id='word_1_448' title='bbox 1261 4135 1529 4226; x_wconf 88' lang='lat' dir='ltr'><strong>gubernatorem</strong></span> <span class='ocrx_word' id='word_1_449' title='bbox 1543 4134 1722 4207; x_wconf 83' lang='lat' dir='ltr'><strong>Ecclesiae</strong></span> <span class='ocrx_word' id='word_1_450' title='bbox 1745 4139 1784 4206; x_wconf 92' lang='lat' dir='ltr'><strong>in</strong></span> <span class='ocrx_word' id='word_1_451' title='bbox 1805 4137 2125 4216; x_wconf 87' lang='lat' dir='ltr'><strong>illahonestissima</strong></span> <span class='ocrx_word' id='word_1_452' title='bbox 2143 4173 2254 4242; x_wconf 87' lang='lat' dir='ltr'><strong>repu-</strong></span> 
     </span>
    </p>
   </div>
   <div class='ocr_carea' id='block_1_19' title="bbox 162 4235 2254 4425">
    <p class='ocr_par' dir='ltr' id='par_1_21' title="bbox 162 4235 2254 4425">
     <span class='ocr_line' id='line_1_47' title="bbox 250 4235 2253 4332; baseline 0.01 -31"><span class='ocrx_word' id='word_1_453' title='bbox 250 4293 259 4310; x_wconf 82' lang='lat'><strong>.</strong></span> <span class='ocrx_word' id='word_1_454' title='bbox 547 4289 556 4305; x_wconf 94' lang='lat'><strong>.</strong></span> <span class='ocrx_word' id='word_1_455' title='bbox 683 4292 691 4308; x_wconf 92' lang='lat'><strong>.</strong></span> <span class='ocrx_word' id='word_1_456' title='bbox 815 4290 858 4330; x_wconf 46' lang='lat'><strong>.‚</strong></span> <span class='ocrx_word' id='word_1_457' title='bbox 976 4289 994 4308; x_wconf 84' lang='lat'><strong>.</strong></span> <span class='ocrx_word' id='word_1_458' title='bbox 1115 4285 1126 4311; x_wconf 86' lang='lat'>‚</span> <span class='ocrx_word' id='word_1_459' title='bbox 1183 4285 1193 4316; x_wconf 85' lang='grc'><strong>.</strong></span> <span class='ocrx_word' id='word_1_460' title='bbox 1261 4237 1352 4306; x_wconf 88' lang='lat' dir='ltr'><strong>blica</strong></span> <span class='ocrx_word' id='word_1_461' title='bbox 1376 4261 1449 4305; x_wconf 89' lang='lat' dir='ltr'><strong>esse</strong></span> <span class='ocrx_word' id='word_1_462' title='bbox 1470 4249 1643 4328; x_wconf 83' lang='lat' dir='ltr'><strong>optamus.</strong></span> <span class='ocrx_word' id='word_1_463' title='bbox 1693 4235 1879 4312; x_wconf 87' lang='lat' dir='ltr'><strong>Anteferes</strong></span> <span class='ocrx_word' id='word_1_464' title='bbox 1898 4240 2253 4332; x_wconf 89' lang='lat' dir='ltr'><strong>igiturhunclocum</strong></span> 
     </span>
     <span class='ocr_line' id='line_1_48' title="bbox 162 4285 2254 4425; baseline 0.001 -65"><span class='ocrx_word' id='word_1_465' title='bbox 162 4335 165 4352; x_wconf 84' lang='lat'><em>·</em></span> <span class='ocrx_word' id='word_1_466' title='bbox 220 4287 278 4361; x_wconf 89' lang='lat' dir='ltr'><strong>bis</strong></span> <span class='ocrx_word' id='word_1_467' title='bbox 295 4315 391 4361; x_wconf 91' lang='lat' dir='ltr'><strong>nunc</strong></span> <span class='ocrx_word' id='word_1_468' title='bbox 407 4313 443 4358; x_wconf 89' lang='lat' dir='ltr'><strong>se</strong></span> <span class='ocrx_word' id='word_1_469' title='bbox 457 4290 612 4358; x_wconf 89' lang='lat' dir='ltr'><strong>noluisse</strong></span> <span class='ocrx_word' id='word_1_470' title='bbox 626 4294 777 4361; x_wconf 88' lang='lat' dir='ltr'><strong>scribere</strong></span> <span class='ocrx_word' id='word_1_471' title='bbox 791 4303 857 4359; x_wconf 91' lang='lat' dir='ltr'><strong>ait.</strong></span> <span class='ocrx_word' id='word_1_472' title='bbox 890 4285 990 4361; x_wconf 72' lang='lat' dir='ltr'><strong>donee</strong></span> <span class='ocrx_word' id='word_1_473' title='bbox 1004 4313 1068 4381; x_wconf 85' lang='grc' dir='ltr'><strong>μοι</strong></span> <span class='ocrx_word' id='word_1_474' title='bbox 1083 4314 1128 4361; x_wconf 86' lang='grc' dir='ltr'><strong>ου</strong></span> <span class='ocrx_word' id='word_1_475' title='bbox 1142 4315 1213 4382; x_wconf 84' lang='grc' dir='ltr'><strong>μο-</strong></span> <span class='ocrx_word' id='word_1_476' title='bbox 1259 4335 1504 4425; x_wconf 50' lang='lat' dir='ltr'><strong>Nnoburgmsi</strong></span> <span class='ocrx_word' id='word_1_477' title='bbox 1527 4335 1671 4408; x_wconf 57' lang='lat' dir='ltr'>Civitati</span> <span class='ocrx_word' id='word_1_478' title='bbox 1702 4355 1736 4412; x_wconf 52' lang='lat' dir='ltr'><strong>et</strong></span> <span class='ocrx_word' id='word_1_479' title='bbox 1763 4343 1899 4413; x_wconf 58' lang='lat' dir='ltr'>aulicae</span> <span class='ocrx_word' id='word_1_480' title='bbox 1923 4346 2110 4424; x_wconf 49' lang='lat' dir='ltr'><strong>functioni·</strong></span> <span class='ocrx_word' id='word_1_481' title='bbox 2169 4351 2254 4424; x_wconf 52' lang='lat' dir='ltr'><strong>Etsi</strong></span> 
     </span>
    </p>
   </div>
   <div class='ocr_carea' id='block_1_20' title="bbox 220 4381 2236 4578">
    <p class='ocr_par' dir='ltr' id='par_1_22' title="bbox 220 4381 2236 4578">
     <span class='ocr_line' id='line_1_49' title="bbox 220 4381 2208 4515; baseline 0.002 -49"><span class='ocrx_word' id='word_1_482' title='bbox 220 4417 290 4466; x_wconf 76' lang='lat' dir='ltr'><strong>ror</strong></span> <span class='ocrx_word' id='word_1_483' title='bbox 303 4386 501 4485; x_wconf 76' lang='grc' dir='ltr'><strong><em>τολμηρὸς,</em></strong></span> <span class='ocrx_word' id='word_1_484' title='bbox 529 4385 620 4460; x_wconf 77' lang='grc' dir='ltr'><em>ἀλλὰ</em></span> <span class='ocrx_word' id='word_1_485' title='bbox 637 4387 698 4462; x_wconf 82' lang='grc' dir='ltr'><strong>καὶ</strong></span> <span class='ocrx_word' id='word_1_486' title='bbox 715 4381 990 4484; x_wconf 65' lang='grc' dir='ltr'><strong><em>αὐθαδέστερος</em></strong></span> <span class='ocrx_word' id='word_1_487' title='bbox 1004 4387 1108 4492; x_wconf 75' lang='lat' dir='ltr'><strong>eiras.</strong></span> <span class='ocrx_word' id='word_1_488' title='bbox 1141 4391 1212 4464; x_wconf 90' lang='lat' dir='ltr'><strong>Sed</strong></span> <span class='ocrx_word' id='word_1_489' title='bbox 1258 4438 1354 4509; x_wconf 62' lang='lat' dir='ltr'>enim</span> <span class='ocrx_word' id='word_1_490' title='bbox 1370 4438 1609 4510; x_wconf 53' lang='lat' dir='ltr'>misericordia</span> <span class='ocrx_word' id='word_1_491' title='bbox 1624 4441 1721 4511; x_wconf 86' lang='lat' dir='ltr'><strong>illust</strong></span> <span class='ocrx_word' id='word_1_492' title='bbox 1723 4442 1802 4512; x_wconf 52' lang='lat' dir='ltr'>tissi</span> <span class='ocrx_word' id='word_1_493' title='bbox 1803 4466 1860 4515; x_wconf 60' lang='lat' dir='ltr'><strong>ma</strong></span> <span class='ocrx_word' id='word_1_494' title='bbox 1861 4467 1881 4514; x_wconf 56' lang='lat' dir='ltr'>e</span> <span class='ocrx_word' id='word_1_495' title='bbox 1903 4484 1955 4499; x_wconf 59' lang='grc'><strong>-</strong></span> <span class='ocrx_word' id='word_1_496' title='bbox 1986 4487 2031 4502; x_wconf 61' lang='lat'><em>-</em></span> <span class='ocrx_word' id='word_1_497' title='bbox 2055 4489 2107 4504; x_wconf 90' lang='lat'><strong>...</strong></span> <span class='ocrx_word' id='word_1_498' title='bbox 2132 4451 2208 4506; x_wconf 56' lang='lat'><strong>-,</strong></span> 
     </span>
     <span class='ocr_line' id='line_1_50' title="bbox 221 4455 2236 4578; baseline 0.003 -16"><span class='ocrx_word' id='word_1_499' title='bbox 221 4493 368 4562; x_wconf 90' lang='lat' dir='ltr'><strong>omnino</strong></span> <span class='ocrx_word' id='word_1_500' title='bbox 391 4487 477 4561; x_wconf 89' lang='lat' dir='ltr'><strong>hacc</strong></span> <span class='ocrx_word' id='word_1_501' title='bbox 500 4492 740 4578; x_wconf 90' lang='lat' dir='ltr'><strong>aetasmiscra</strong></span> <span class='ocrx_word' id='word_1_502' title='bbox 766 4507 828 4565; x_wconf 89' lang='lat' dir='ltr'><strong>est.</strong></span> <span class='ocrx_word' id='word_1_503' title='bbox 893 4489 1065 4564; x_wconf 85' lang='lat' dir='ltr'><strong>Hortatur</strong></span> <span class='ocrx_word' id='word_1_504' title='bbox 1090 4495 1212 4565; x_wconf 90' lang='lat' dir='ltr'><strong>multis</strong></span> <span class='ocrx_word' id='word_1_505' title='bbox 2218 4455 2236 4550; x_wconf 83' lang='grc'>)</span> 
     </span>
    </p>
   </div>
   <div class='ocr_carea' id='block_1_21' title="bbox 220 4593 1473 4787">
    <p class='ocr_par' dir='ltr' id='par_1_23' title="bbox 220 4593 1473 4787">
     <span class='ocr_line' id='line_1_51' title="bbox 221 4593 1473 4688; baseline -0.002 -23"><span class='ocrx_word' id='word_1_506' title='bbox 221 4608 255 4665; x_wconf 90' lang='lat' dir='ltr'><strong>et</strong></span> <span class='ocrx_word' id='word_1_507' title='bbox 275 4593 328 4662; x_wconf 84' lang='lat' dir='ltr'><strong>tui</strong></span> <span class='ocrx_word' id='word_1_508' title='bbox 349 4606 383 4662; x_wconf 90' lang='lat' dir='ltr'><strong>et</strong></span> <span class='ocrx_word' id='word_1_509' title='bbox 405 4611 482 4662; x_wconf 91' lang='lat' dir='ltr'><strong>sum</strong></span> <span class='ocrx_word' id='word_1_510' title='bbox 502 4594 546 4663; x_wconf 88' lang='lat' dir='ltr'><strong>ad</strong></span> <span class='ocrx_word' id='word_1_511' title='bbox 571 4595 738 4664; x_wconf 90' lang='lat' dir='ltr'><strong>tuendam</strong></span> <span class='ocrx_word' id='word_1_512' title='bbox 760 4595 1041 4688; x_wconf 85' lang='lat' dir='ltr'><strong>qualemcunque</strong></span> <span class='ocrx_word' id='word_1_513' title='bbox 1062 4619 1211 4666; x_wconf 88' lang='lat' dir='ltr'><strong>concor·</strong></span> <span class='ocrx_word' id='word_1_514' title='bbox 1259 4635 1473 4652; x_wconf 76' lang='lat'><strong>----··</strong></span> 
     </span>
     <span class='ocr_line' id='line_1_52' title="bbox 220 4691 1211 4787; baseline 0.002 -22"><span class='ocrx_word' id='word_1_515' title='bbox 220 4695 316 4766; x_wconf 91' lang='lat' dir='ltr'><strong>diam</strong></span> <span class='ocrx_word' id='word_1_516' title='bbox 331 4691 583 4777; x_wconf 85' lang='lat' dir='ltr'><strong>Ecclesiamm,</strong></span> <span class='ocrx_word' id='word_1_517' title='bbox 608 4717 697 4787; x_wconf 89' lang='lat' dir='ltr'><strong>quae</strong></span> <span class='ocrx_word' id='word_1_518' title='bbox 713 4694 870 4784; x_wconf 85' lang='lat' dir='ltr'><strong>profiteri</strong></span> <span class='ocrx_word' id='word_1_519' title='bbox 884 4697 1063 4787; x_wconf 86' lang='lat' dir='ltr'><strong>puriorem</strong></span> <span class='ocrx_word' id='word_1_520' title='bbox 1078 4698 1211 4767; x_wconf 90' lang='lat' dir='ltr'><strong>doctri-</strong></span> 
     </span>
    </p>
   </div>
   <div class='ocr_carea' id='block_1_22' title="bbox 219 4746 2036 4888">
    <p class='ocr_par' dir='ltr' id='par_1_24' title="bbox 219 4746 2036 4888">
     <span class='ocr_line' id='line_1_53' title="bbox 684 4746 2036 4830; baseline 0.006 -28"><span class='ocrx_word' id='word_1_521' title='bbox 684 4795 692 4812; x_wconf 85' lang='lat'><strong>,</strong></span> <span class='ocrx_word' id='word_1_522' title='bbox 1291 4746 1320 4820; x_wconf 65' lang='lat' dir='ltr'><strong>a)</strong></span> <span class='ocrx_word' id='word_1_523' title='bbox 1339 4748 1402 4805; x_wconf 89' lang='lat' dir='ltr'><strong>Vid.</strong></span> <span class='ocrx_word' id='word_1_524' title='bbox 1417 4767 1458 4822; x_wconf 85' lang='lat' dir='ltr'><strong>ep.</strong></span> <span class='ocrx_word' id='word_1_525' title='bbox 1471 4749 1580 4806; x_wconf 86' lang='lat' dir='ltr'><strong>Lutberi</strong></span> <span class='ocrx_word' id='word_1_526' title='bbox 1593 4750 1663 4823; x_wconf 83' lang='lat' dir='ltr'><strong>apud</strong></span> <span class='ocrx_word' id='word_1_527' title='bbox 1679 4751 1713 4822; x_wconf 85' lang='lat' dir='ltr'><strong>de</strong></span> <span class='ocrx_word' id='word_1_528' title='bbox 1727 4751 1823 4812; x_wconf 84' lang='lat' dir='ltr'><strong>Wui.</strong></span> <span class='ocrx_word' id='word_1_529' title='bbox 1840 4756 1872 4812; x_wconf 86' lang='lat' dir='ltr'><strong>T.</strong></span> <span class='ocrx_word' id='word_1_530' title='bbox 1886 4757 1920 4816; x_wconf 91' lang='lat' dir='ltr'><strong>V.</strong></span> <span class='ocrx_word' id='word_1_531' title='bbox 1938 4777 1964 4830; x_wconf 89' lang='lat' dir='ltr'><strong>p.</strong></span> <span class='ocrx_word' id='word_1_532' title='bbox 1978 4759 2036 4815; x_wconf 71' lang='lat'><strong>752.</strong></span> 
     </span>
     <span class='ocr_line' id='line_1_54' title="bbox 219 4793 1096 4888; baseline 0.007 -22"><span class='ocrx_word' id='word_1_533' title='bbox 219 4821 304 4868; x_wconf 90' lang='lat' dir='ltr'><strong>nam</strong></span> <span class='ocrx_word' id='word_1_534' title='bbox 321 4805 501 4888; x_wconf 87' lang='lat' dir='ltr'><strong>ceperunt.</strong></span> <span class='ocrx_word' id='word_1_535' title='bbox 550 4793 621 4866; x_wconf 89' lang='lat' dir='ltr'><strong>Sed</strong></span> <span class='ocrx_word' id='word_1_536' title='bbox 635 4798 814 4866; x_wconf 91' lang='lat' dir='ltr'><strong>adiutores</strong></span> <span class='ocrx_word' id='word_1_537' title='bbox 827 4819 956 4885; x_wconf 90' lang='lat' dir='ltr'><strong>paucos</strong></span> <span class='ocrx_word' id='word_1_538' title='bbox 971 4793 1096 4872; x_wconf 88' lang='lat' dir='ltr'><strong>habeo.</strong></span> 
     </span>
    </p>
   </div>
   <div class='ocr_carea' id='block_1_23' title="bbox 320 4849 2246 5026">
    <p class='ocr_par' dir='ltr' id='par_1_25' title="bbox 320 4849 2246 5026">
     <span class='ocr_line' id='line_1_55' title="bbox 474 4849 2137 4934; baseline 0.016 -43"><span class='ocrx_word' id='word_1_539' title='bbox 474 4899 479 4909; x_wconf 72' lang='lat'><em>,</em></span> <span class='ocrx_word' id='word_1_540' title='bbox 874 4919 876 4924; x_wconf 28' lang='grc' dir='ltr'>Ι</span> <span class='ocrx_word' id='word_1_541' title='bbox 1292 4853 1320 4918; x_wconf 84' lang='grc'><strong>1)</strong></span> <span class='ocrx_word' id='word_1_542' title='bbox 1338 4849 1450 4905; x_wconf 73' lang='lat' dir='ltr'><strong>attici·</strong></span> <span class='ocrx_word' id='word_1_543' title='bbox 1463 4859 1503 4904; x_wconf 88' lang='lat' dir='ltr'><strong>est</strong></span> <span class='ocrx_word' id='word_1_544' title='bbox 1516 4849 1580 4908; x_wconf 89' lang='lat' dir='ltr'><strong>liuic</strong></span> <span class='ocrx_word' id='word_1_545' title='bbox 1592 4852 1767 4924; x_wconf 74' lang='lat' dir='ltr'><strong>fragmento,</strong></span> <span class='ocrx_word' id='word_1_546' title='bbox 1784 4875 1865 4912; x_wconf 88' lang='lat' dir='ltr'><strong>marui</strong></span> <span class='ocrx_word' id='word_1_547' title='bbox 1877 4858 2007 4930; x_wconf 84' lang='lat' dir='ltr'><strong>Philippii</strong></span> <span class='ocrx_word' id='word_1_548' title='bbox 2018 4861 2137 4934; x_wconf 75' lang='lat' dir='ltr'><strong>scriptae</strong></span> 
     </span>
     <span class='ocr_line' id='line_1_56' title="bbox 320 4923 2246 5026; baseline 0.011 -42"><span class='ocrx_word' id='word_1_549' title='bbox 320 4923 488 4999; x_wconf 76' lang='lat' dir='ltr'><strong>Sabinus</strong></span> <span class='ocrx_word' id='word_1_550' title='bbox 510 4950 551 4996; x_wconf 74' lang='lat' dir='ltr'><strong>ex</strong></span> <span class='ocrx_word' id='word_1_551' title='bbox 571 4923 714 4998; x_wconf 75' lang='lat' dir='ltr'><strong>Prussia</strong></span> <span class='ocrx_word' id='word_1_552' title='bbox 737 4927 958 5021; x_wconf 75' lang='lat' dir='ltr'><strong>quaestiones</strong></span> <span class='ocrx_word' id='word_1_553' title='bbox 978 4931 1092 5016; x_wconf 71' lang='lat' dir='ltr'><strong>misit,</strong></span> <span class='ocrx_word' id='word_1_554' title='bbox 1124 4956 1211 5026; x_wconf 73' lang='lat' dir='ltr'><strong>quas</strong></span> <span class='ocrx_word' id='word_1_555' title='bbox 1361 4933 1580 5002; x_wconf 70' lang='lat' dir='ltr'><strong>„christophori</strong></span> <span class='ocrx_word' id='word_1_556' title='bbox 1595 4938 1730 4993; x_wconf 75' lang='lat' dir='ltr'><strong>Arkesi&#39;rii</strong></span> <span class='ocrx_word' id='word_1_557' title='bbox 1741 4937 1893 5010; x_wconf 85' lang='lat' dir='ltr'><strong>Responsio</strong></span> <span class='ocrx_word' id='word_1_558' title='bbox 1912 4943 1945 4996; x_wconf 84' lang='lat' dir='ltr'><strong>ad</strong></span> <span class='ocrx_word' id='word_1_559' title='bbox 1965 4943 2104 5000; x_wconf 78' lang='lat' dir='ltr'><strong>saniorum</strong></span> <span class='ocrx_word' id='word_1_560' title='bbox 2124 4949 2246 5005; x_wconf 84' lang='lat' dir='ltr'><strong>libellum</strong></span> 
     </span>
    </p>
   </div>
   <div class='ocr_carea' id='block_1_24' title="bbox 220 5000 2246 5149">
    <p class='ocr_par' dir='ltr' id='par_1_26' title="bbox 220 5000 2246 5149">
     <span class='ocr_line' id='line_1_57' title="bbox 220 5000 2246 5149; baseline 0.004 -48"><span class='ocrx_word' id='word_1_561' title='bbox 220 5031 368 5102; x_wconf 89' lang='lat' dir='ltr'><strong>anobis</strong></span> <span class='ocrx_word' id='word_1_562' title='bbox 389 5028 545 5121; x_wconf 90' lang='lat' dir='ltr'><strong>primurn</strong></span> <span class='ocrx_word' id='word_1_563' title='bbox 564 5027 731 5118; x_wconf 85' lang='lat' dir='ltr'><strong>explicari</strong></span> <span class='ocrx_word' id='word_1_564' title='bbox 753 5029 875 5101; x_wconf 89' lang='lat' dir='ltr'><strong>voluit.</strong></span> <span class='ocrx_word' id='word_1_565' title='bbox 926 5028 997 5100; x_wconf 88' lang='lat' dir='ltr'><strong>Sed</strong></span> <span class='ocrx_word' id='word_1_566' title='bbox 1014 5033 1149 5102; x_wconf 91' lang='lat' dir='ltr'><strong>mittam</strong></span> <span class='ocrx_word' id='word_1_567' title='bbox 1166 5036 1211 5102; x_wconf 92' lang='lat' dir='ltr'><strong>ad</strong></span> <span class='ocrx_word' id='word_1_568' title='bbox 1319 5000 1506 5144; x_wconf 54' lang='lat' dir='ltr'><strong>222¹}in</strong></span> <span class='ocrx_word' id='word_1_569' title='bbox 1521 5007 2246 5149; x_wconf 48' lang='lat' dir='ltr'><strong>mii?fflss‘diiiigffenssissg⁸a⁰fi⁵f⁵f⁸jf{²5¹¹¹⁵</strong></span> 
     </span>
    </p>
   </div>
   <div class='ocr_carea' id='block_1_25' title="bbox 219 5129 2111 5240">
    <p class='ocr_par' dir='ltr' id='par_1_27' title="bbox 219 5129 2111 5240">
     <span class='ocr_line' id='line_1_58' title="bbox 219 5129 2111 5240; baseline 0.012 -40"><span class='ocrx_word' id='word_1_570' title='bbox 219 5147 255 5202; x_wconf 88' lang='lat' dir='ltr'><strong>te</strong></span> <span class='ocrx_word' id='word_1_571' title='bbox 270 5134 387 5224; x_wconf 91' lang='lat' dir='ltr'><strong>ipsum</strong></span> <span class='ocrx_word' id='word_1_572' title='bbox 401 5129 630 5201; x_wconf 88' lang='lat' dir='ltr'><strong>Prutenicum</strong></span> <span class='ocrx_word' id='word_1_573' title='bbox 646 5130 815 5201; x_wconf 86' lang='lat' dir='ltr'><strong>nuncium</strong></span> <span class='ocrx_word' id='word_1_574' title='bbox 835 5143 913 5221; x_wconf 90' lang='lat' dir='ltr'><strong>post</strong></span> <span class='ocrx_word' id='word_1_575' title='bbox 928 5130 1098 5217; x_wconf 89' lang='lat' dir='ltr'><strong>biduum,</strong></span> <span class='ocrx_word' id='word_1_576' title='bbox 1130 5155 1210 5226; x_wconf 87' lang='lat' dir='ltr'><strong>cuni</strong></span> <span class='ocrx_word' id='word_1_577' title='bbox 1259 5205 1261 5208; x_wconf 84' lang='grc'><strong>,</strong></span> <span class='ocrx_word' id='word_1_578' title='bbox 1362 5157 1462 5211; x_wconf 66' lang='lat' dir='ltr'><strong>Nescio</strong></span> <span class='ocrx_word' id='word_1_579' title='bbox 1479 5159 1540 5240; x_wconf 67' lang='lat' dir='ltr'><strong>qun</strong></span> <span class='ocrx_word' id='word_1_580' title='bbox 1561 5159 1651 5212; x_wconf 78' lang='lat' dir='ltr'><strong>airum</strong></span> <span class='ocrx_word' id='word_1_581' title='bbox 1671 5161 1767 5232; x_wconf 70' lang='lat' dir='ltr'><strong>spiriti</strong></span> <span class='ocrx_word' id='word_1_582' title='bbox 1791 5179 1841 5216; x_wconf 75' lang='lat' dir='ltr'><strong>suo</strong></span> <span class='ocrx_word' id='word_1_583' title='bbox 1863 5165 1976 5218; x_wconf 78' lang='lat' dir='ltr'><strong>nomine</strong></span> <span class='ocrx_word' id='word_1_584' title='bbox 1998 5183 2111 5222; x_wconf 74' lang='lat' dir='ltr'><strong>carmen</strong></span> 
     </span>
    </p>
   </div>
   <div class='ocr_carea' id='block_1_26' title="bbox 220 5226 1984 5364">
    <p class='ocr_par' dir='ltr' id='par_1_28' title="bbox 220 5226 1984 5364">
     <span class='ocr_line' id='line_1_59' title="bbox 220 5226 1984 5348; baseline 0 -46"><span class='ocrx_word' id='word_1_585' title='bbox 220 5259 298 5302; x_wconf 86' lang='lat' dir='ltr'><strong>mea</strong></span> <span class='ocrx_word' id='word_1_586' title='bbox 312 5226 543 5303; x_wconf 69' lang='lat' dir='ltr'><strong>senteiitia&#39;de</strong></span> <span class='ocrx_word' id='word_1_587' title='bbox 560 5230 604 5300; x_wconf 89' lang='lat' dir='ltr'><strong>iis</strong></span> <span class='ocrx_word' id='word_1_588' title='bbox 625 5231 901 5324; x_wconf 85' lang='lat' dir='ltr'><strong>quaestionibus.</strong></span> <span class='ocrx_word' id='word_1_589' title='bbox 935 5228 1022 5313; x_wconf 78' lang='grc' dir='ltr'><strong><em>τοὺς</em></strong></span> <span class='ocrx_word' id='word_1_590' title='bbox 1041 5230 1211 5330; x_wconf 75' lang='grc' dir='ltr'><em>νομοφύ-</em></span> <span class='ocrx_word' id='word_1_591' title='bbox 1356 5229 1500 5348; x_wconf 51' lang='lat' dir='ltr'>nhfflm’</span> <span class='ocrx_word' id='word_1_592' title='bbox 1520 5236 1550 5279; x_wconf 80' lang='lat'><strong>¹¹¹</strong></span> <span class='ocrx_word' id='word_1_593' title='bbox 1562 5236 1653 5299; x_wconf 70' lang='lat' dir='ltr'><strong>carpsi</strong></span> <span class='ocrx_word' id='word_1_594' title='bbox 1666 5227 1765 5297; x_wconf 56' lang='lat' dir='ltr'><strong>‘¹⁰8⁰ss</strong></span> <span class='ocrx_word' id='word_1_595' title='bbox 1780 5228 1917 5303; x_wconf 68' lang='lat' dir='ltr'><strong>fidemque</strong></span> <span class='ocrx_word' id='word_1_596' title='bbox 1929 5233 1984 5306; x_wconf 68' lang='lat' dir='ltr'><strong>pite</strong></span> 
     </span>
     <span class='ocr_line' id='line_1_60' title="bbox 1419 5294 1984 5364; baseline 0.016 -18"><span class='ocrx_word' id='word_1_597' title='bbox 1419 5303 1507 5364; x_wconf 85' lang='lat' dir='ltr'><strong>potest</strong></span> <span class='ocrx_word' id='word_1_598' title='bbox 1518 5294 1630 5348; x_wconf 78' lang='lat' dir='ltr'><strong>sortasse</strong></span> <span class='ocrx_word' id='word_1_599' title='bbox 1643 5297 1737 5352; x_wconf 80' lang='lat' dir='ltr'><strong>oculos</strong></span> <span class='ocrx_word' id='word_1_600' title='bbox 1752 5296 1860 5352; x_wconf 85' lang='lat' dir='ltr'><strong>eludere</strong></span> <span class='ocrx_word' id='word_1_601' title='bbox 1877 5311 1984 5356; x_wconf 78' lang='lat' dir='ltr'><strong>nostros</strong></span> 
     </span>
    </p>
   </div>
   <div class='ocr_carea' id='block_1_27' title="bbox 218 5331 2072 5440">
    <p class='ocr_par' dir='ltr' id='par_1_29' title="bbox 218 5331 2072 5440">
     <span class='ocr_line' id='line_1_61' title="bbox 218 5331 2072 5440; baseline 0.008 -26"><span class='ocrx_word' id='word_1_602' title='bbox 218 5339 331 5414; x_wconf 66' lang='lat' dir='ltr'><strong>dmi·</strong></span> <span class='ocrx_word' id='word_1_603' title='bbox 354 5333 643 5405; x_wconf 62' lang='lat' dir='ltr'><strong>n⁰¹1c⁰¹¹⁵l¹i³ffi</strong></span> <span class='ocrx_word' id='word_1_604' title='bbox 702 5331 799 5420; x_wconf 63' lang='lat' dir='ltr'><strong>Qum</strong></span> <span class='ocrx_word' id='word_1_605' title='bbox 821 5335 957 5416; x_wconf 82' lang='lat' dir='ltr'><strong>dicant,</strong></span> <span class='ocrx_word' id='word_1_606' title='bbox 992 5349 1025 5402; x_wconf 67' lang='lat' dir='ltr'><strong>ei</strong></span> <span class='ocrx_word' id='word_1_607' title='bbox 1045 5337 1132 5428; x_wconf 68' lang='lat' dir='ltr'><strong>quid</strong></span> <span class='ocrx_word' id='word_1_608' title='bbox 1150 5362 1210 5406; x_wconf 61' lang='lat' dir='ltr'><strong>VR·</strong></span> <span class='ocrx_word' id='word_1_609' title='bbox 1393 5365 1455 5417; x_wconf 83' lang='lat' dir='ltr'><strong>Nou</strong></span> <span class='ocrx_word' id='word_1_610' title='bbox 1472 5364 1579 5418; x_wconf 85' lang='lat' dir='ltr'><strong>titulum</strong></span> <span class='ocrx_word' id='word_1_611' title='bbox 1595 5364 1750 5420; x_wconf 85' lang='lat' dir='ltr'><strong>adscribens</strong></span> <span class='ocrx_word' id='word_1_612' title='bbox 1763 5365 1798 5422; x_wconf 86' lang='lat' dir='ltr'><strong>ad</strong></span> <span class='ocrx_word' id='word_1_613' title='bbox 1809 5367 1897 5424; x_wconf 81' lang='lat' dir='ltr'><strong>scelus</strong></span> <span class='ocrx_word' id='word_1_614' title='bbox 1914 5369 1971 5440; x_wconf 86' lang='lat' dir='ltr'><strong>ipse</strong></span> <span class='ocrx_word' id='word_1_615' title='bbox 1984 5390 2072 5430; x_wconf 86' lang='lat' dir='ltr'><strong>suom.</strong></span> 
     </span>
    </p>
   </div>
   <div class='ocr_carea' id='block_1_28' title="bbox 0 0 2366 5808">
    <p class='ocr_par' dir='ltr' id='par_1_30' title="bbox 0 0 2366 5808">
     <span class='ocr_line' id='line_1_62' title="bbox 0 0 2366 5808; baseline 0 1"><span class='ocrx_word' id='word_1_616' title='bbox 0 0 2366 5808; x_wconf 95' lang='lat' dir='ltr'><strong> </strong></span> 
     </span>
    </p>
   </div>
  </div>
 </body>
</html>
