4670 5806
252 211 329 294 ue
820 201 1256 304 srrsromsuu
1302 206 1410 288 mn
1441 209 1509 292 tx.
1561 209 1691 293 sset.
2195 226 2274 300 us

353 379 626 458 InterCerolum
639 395 673 456 et
686 403 802 476 regem
809 377 985 454 Danienm
998 381 1101 456 aiunt
1115 405 1238 476 pacem
1286 379 1360 454 cine
1378 381 1518 462 accidit.
1539 474 1542 482 ‚
1567 383 1640 460 Sed
1660 409 1808 480 suggero
1823 385 1915 462 mibi
1936 391 2034 466 illam
2050 419 2172 466 vocs-
2189 421 2274 488 pro-

252 489 378 562 iectam
397 509 485 564 esse
539 481 612 560 Sed
632 478 719 558 haec
741 483 915 576 intelliget
934 479 1027 562 Cels.
1051 511 1087 564 v.
1110 483 1239 556 certius
1286 478 1428 576 phetae:
1456 483 1551 556 lram
1571 483 1640 559 Dei
1661 491 1861 578 sustinebo,
1885 495 1967 587 quia
1991 499 2132 586 peccavi
2154 497 2205 582 ei,
2234 523 2275 568 ac

252 615 295 664 cx
311 588 402 664 stite.
1286 609 1351 656 oro
1364 581 1500 676 Deum,
1520 599 1562 660 ut
1584 583 1670 660 haec
1692 593 1798 662 nobis
1820 595 1910 664 mala
1935 595 2084 686 mitiget.
2135 595 2276 670 Fuisset

351 687 449 760 Deus
467 697 568 780 pater
579 681 718 758 domini
737 685 852 757 nostri
872 683 952 758 lesu
967 681 1103 758 Christi
1122 697 1239 756 custos
1286 685 1521 758 rectissimum
1544 687 1606 777 id,
1631 693 1726 786 quod
1749 687 1838 762 mihi
1854 689 2070 791 placebat').
2119 697 2189 770 Sed
2215 700 2276 768 ui-

251 783 430 864 Ecclesiac
444 811 550 880 snae,
573 800 607 859 et
619 785 837 880 politiamm,
861 811 951 882 qnae
967 789 1138 881 praebent
1154 781 1239 857 hos-
1285 781 1339 856 hil
1353 788 1452 860 volui
1466 789 1580 862 facere
1599 786 1891 891 φορτικώτερον,
1915 810 1951 869 et
1970 799 2135 868 videbam
2160 823 2276 894 quan-

250 891 340 986 pitia
353 887 531 975 Ecclesiis,
545 902 659 961 servet
674 884 767 962 Cels.
780 914 814 960 v.
830 888 1044 960 ineolumem
1059 903 1094 960 et
1109 889 1238 980 guber-
1285 901 1363 960 tum
1376 892 1605 964 contenderes
1621 917 1667 963 ne
1680 894 1789 970 lieret.
1826 894 1880 966 Te
1896 898 2009 970 movit
2022 901 2148 970 umbra
2164 925 2276 994 quae-

249 1005 312 1066 net
322 1017 402 1066 eam
416 1013 565 1083 semper.
614 987 726 1064 llatae
744 988 978 1083 Witebergae
994 990 1052 1061 die
1067 987 1238 1062 Xlll.lu·
1285 990 1368 1060 dam
1384 995 1454 1064 τοῦ
1466 995 1595 1080 καλοῦ,
1620 1017 1677 1064 me
1692 1009 1813 1066 contra
1829 1003 2074 1094 magnae„sed
2091 1001 2278 1072 obscurio-

237 1093 311 1191 ¹ny.
359 1088 469 1166 Anno
486 1085 643 1186 1644.·)
1284 1113 1341 1162 res
1355 1113 1496 1164 caussae
1510 1096 1711 1170 movebant.
1763 1095 1811 1166 At
1826 1099 2066 1192 quod'lactum
2083 1115 2151 1186 est,
2177 1126 2277 1173 nunc

563 1189 779 1266 Celsitudini
792 1204 927 1264 vestrae
1286 1191 1430 1286 quidem
1457 1191 1668 1292 στερκτέον,
1705 1209 1740 1268 et
1771 1195 1839 1270 Dei
1867 1200 2040 1271 auxilium
2076 1201 2277 1296 imploran-

924 1293 1085 1364 addictus
1286 1295 1450 1368 dumea.
1817 1297 1819 1302 ’

753 1387 945 1489 Philippus
959 1386 1186 1466 Melanthon.
1388 1392 1565 1466 Gallicam
1585 1395 1767 1488 epistolam
1788 1397 1856 1470 tibi
1880 1400 1983 1472 mitto
2007 1401 2082 1474 eins
2097 1402 2187 1491 viri,
2212 1427 2278 1475 cn-

1285 1495 1342 1566 ins
1357 1497 1601 1568 recordatione
1618 1498 1784 1570 delectari
1797 1515 1831 1572 te
1846 1502 2012 1578 arbitror.
2063 1503 2170 1594 Quod
2190 1506 2278 1576 iacit

350 1577 424 1654 lam
445 1575 512 1652 hac
531 1574 621 1650 hora
635 1577 756 1652 audivi
770 1573 1090 1650 Brunswt'cmstm
1105 1571 1237 1647 habere
1285 1598 1505 1668 mentionem
1538 1597 1706 1690 epistolae
1737 1603 1783 1670 ad
1815 1599 1856 1672 L.
1886 1599 2000 1674 Cassii
2031 1601 2276 1677 interfectores

247 1683 439 1756 exercitum
455 1695 490 1755 et
502 1704 648 1774 magnos
665 1681 838 1753 tumultus
853 1676 997 1756 metui?
1012 1675 1029 1778 )
1046 1735 1048 1742 κ
1285 1697 1430 1783 missae,
1454 1721 1529 1769 non
1542 1723 1686 1790 prorsus
1700 1701 1830 1772 iniusta
1845 1705 1986 1796 querela
2001 1718 2063 1780 est.
2114 1705 2187 1778 Sed
2209 1731 2275 1798 ego

739 1795 745 1806 ‘
1286 1799 1330 1868 ad
1353 1801 1531 1892 quendam
1553 1798 1679 1870 Mense
1701 1800 1834 1872 Martio
1857 1805 2000 1896 scripsi,
2030 1818 2065 1877 et
2079 1829 2205 1877 sanare
2219 1811 2276 1877 ol-

1285 1899 1481 1970 fensionem
1495 1900 1627 1970 studui.
1667 1900 1748 1976 ·οὐκ
1766 1900 1917 2000 ἀγνοῶν
1932 1906 1981 1986 etc
1994 1897 2076 1979 aloa
2091 1903 2275 1981 κίνδυνον

1287 1993 1486 2094 insidiosas
1509 1995 1683 2094 ἐμαυτὸν.
1741 1999 1859 2098 Atque
1888 2001 1973 2076 haec
2003 2009 2096 2079 mala
2127 2010 2276 2082 fortasse

250 2074 444 2204 Ἧι
1084 2085 1139 2146 ¹⁸·
1152 2073 1223 2145 ¹⁰¹¹·
1285 2099 1357 2170 iam
1373 2123 1448 2171 non
1471 2115 1668 2194 erumpent.
1716 2099 1794 2195 Ego
1814 2119 1932 2176 tamen
1951 2103 2018 2178 hoc
2042 2111 2211 2195 servabo,
2237 2125 2276 2181 ut

1059 2167 1231 2198 m

907 2259 915 2277 .
1140 2233 1142 2240 ·
1286 2201 1492 2273 difficilibus
1508 2215 1544 2273 et
1562 2203 1698 2274 miseris
1713 2207 1818 2277 rebus
1833 2209 2033 2294 consulam,
2058 2209 2089 2280 ελ
2105 2205 2275 2302 δύναμαι

518 2255 668 2341 Ῑοαοῆ*
694 2253 949 2344 Comana.
1284 2298 1426 2375 τελέσαι
1439 2297 1503 2376 καὶ
1518 2303 1549 2374 ελ
1562 2302 1816 2398 τετελεσμένον
1835 2303 1921 2380 ἐστὶ.
1973 2307 2045 2380 Sed
2059 2305 2103 2379 'de
2124 2307 2182 2380 his
2207 2313 2274 2384 tibi

315 2419 400 2495 Epis.
413 2417 597 2476 edeam.
610 2437 638 2492 p.
650 2418 754 2493 tosrq.
771 2415 929 2490 (etum.
946 2415 993 2472 tta
1005 2412 1053 2472 tv.
1070 2433 1114 2488 ep.
1127 2413 1209 2484 cst).
1285 2403 1454 2474 molestus
1475 2427 1551 2474 non
1572 2429 1644 2478 cro.
1694 2404 1818 2478 Metuo
1838 2433 1882 2479 ue
1905 2409 2086 2504 aliqmruto
2098 2427 2177 2504 post
2194 2437 2275 2506 per-

172 2625 176 2654 r
247 2569 473 2650 Clarissima
496 2575 574 2646 viro
601 2561 803 2646 eruditione
822 2582 854 2643 et
874 2533 1007 2643 'virtute
1028 2567 1240 2668 praestanti
1285 2527 1436 2576 mem
1464 2505 1586 2577 [utba
1607 2506 1810 2602 ahqumm
1840 2525 2048 2604 ¹¹¹¹P⁰¹⁰¹¹²¹³
2078 2529 2275 2586 mmm·

272 2671 515 2750 Ioachs'mo
541 2671 749 2752 Camera.
780 2667 1025 2771 Padargenss',
1058 2667 1210 2742 Rectors‘

331 2773 552 2850 Academiae
573 2773 765 2878 Lipsicae,
789 2773 999 2848 amicosne
1024 2773 1153 2850 cartes.

1285 2629 1325 2676 ra
1345 2605 1403 2680 sit.

1387 2705 1429 2778 Si
1442 2707 1487 2778 ad
1504 2721 1663 2800 senatum
1680 2707 1861 2802 Lipsicum
1877 2703 1990 2807 Piger
2010 2735 2083 2782 non
2100 2713 2196 2784 misit
2213 2737 2276 2804 pe-

1286 2807 1440 2896 cuniam,
1462 2831 1528 2880 nos
1545 2833 1625 2880 eum
1647 2811 1711 2882 illo
1732 2813 1961 2904 litigabimus.
2013 2811 2137 2908 ltaque
2152 2815 2277 2908 explo-
2323 2863 2324 2893 .

248 2897 363 2992 801).
411 2913 504 2988 Cum
517 2915 811 3008 gubernationem
827 2907 966 2984 scholae
981 2909 1238 3002 Regiomonta-
1286 2909 1383 2982 rabis
1397 2931 1445 2980 an
1458 2910 1605 2985 miserit.
2213 2975 2217 2980 .

248 3043 316 3091 nae
331 3015 498 3102 Sabinus
510 3017 680 3102 ambiret,
698 3016 811 3088 multa
831 3009 923 3086 mibi
946 3015 985 3084 in
1006 3027 1160 3084 mentem
1176 3037 1238 3084 ve-
1386 3005 1638 3082 Adulescentes
1659 3004 1932 3084 Werthemiam
1954 3029 1988 3085 et
2007 3007 2276 3114 Limpergr'am,
2322 3071 2323 3090 τ

249 3121 413 3206 niebant,
431 3143 522 3214 quae
543 3127 602 3189 me
622 3118 832 3202 movebant,
852 3141 898 3186 ne
924 3139 1006 3186 eum
1026 3111 1239 3204 illimuneri
1287 3111 1443 3183 arbitror
1464 3111 1503 3182 in
1519 3113 1667 3184 aedibus
1682 3111 1847 3186 Doctoris
1859 3109 2053 3186 Benedicti
2066 3117 2277 3212 aliquandiu
2322 3103 2323 3129 ¹

249 3222 524 3318 praeficiendum
547 3221 731 3306 ducerem,
764 3219 859 3313 quod
881 3217 1033 3310 requirit
1054 3212 1238 3288 hominem
1288 3225 1566 3285 commoraturos
1581 3237 1665 3300 esse,
1690 3218 1784 3308 quod
1804 3215 1834 3286 si
1848 3217 1925 3300 fiet,
1950 3219 2065 3288 studia
2080 3241 2205 3290 eorum
2222 3221 2278 3288 iu-

250 3319 475 3396 seholasticas
491 3341 616 3414 operas
630 3331 828 3400 amantem,
854 3342 928 3388 non
948 3313 1238 3388 abhorrentema
1288 3313 1444 3406 spiciam.
1502 3313 1641 3386 Nuntio
1661 3339 1736 3385 non
1761 3319 1877 3387 solum
1900 3319 2083 3412 epistolam
2109 3318 2276 3392 Pruteni-
2321 3335 2322 3360 ¹

251 3417 497 3520 philosophia,
528 3415 593 3494 καὶ
621 3415 932 3514 συμβιβαστικὸν.
989 3415 1089 3490 Cessi
1120 3433 1239 3488 tamen
1289 3437 1365 3483 cam
1381 3414 1524 3500 reddes,
1542 3419 1603 3486 sed
1620 3417 1727 3488 etiam
1751 3417 1883 3490 scribes
1905 3419 1980 3512 ipse
1997 3421 2118 3506 nobis,
2143 3421 2217 3492 imo
2235 3435 2276 3510 ,ct

251 3527 363 3622 ipsius
385 3523 569 3616 cupiditati
593 3536 629 3594 et
649 3535 711 3592 tuo
732 3521 884 3607 iudicio,
909 3521 1004 3614 quod
1034 3522 1078 3590 de
1100 3519 1163 3588 illo
1189 3533 1240 3590 est
1289 3511 1438 3591 Sabino.
1488 3513 1586 3588 Bene
1602 3520 1699 3605 vale,
1723 3519 1783 3590 die
1797 3517 1896 3591 lunii
1913 3518 2015 3591 Xlll.
2320 3543 2321 3603 q

251 3627 482 3724 praeclarum.
540 3621 593 3716 lle
626 3618 717 3694 milri
743 3623 886 3716 quidem
910 3635 945 3692 et
975 3621 1064 3692 meis
1096 3619 1240 3691 exordia
1849 3617 2036 3713 Philippus
2049 3619 2227 3698 Melanth.

251 3734 349 3803 inere
373 3725 581 3798 tristissima.
639 3723 742 3794 Nunc
770 3724 864 3817 quod
885 3723 1059 3814 suscepit,
1091 3735 1175 3813 opto
1199 3735 1241 3793 ut
1392 3715 1468 3788 lam
1491 3717 1758 3809 obsignaveram
1781 3715 1873 3792 h'anc
1889 3725 2089 3816 epistolam,
2115 3749 2196 3794 cum
2212 3726 2275 3798 Se·

252 3831 404 3905 feliciter
418 3826 651 3900 administret·
686 3821 884 3917 Epistolam
901 3825 945 3894 ad
962 3821 1163 3916 Principem
1178 3845 1240 3915 pe-
1289 3831 1394 3889 natus
1416 3821 1551 3891 litterae
1571 3821 1780 3896 afferuntur.
1830 3821 1885 3892 De
1904 3825 2033 3918 quibus
2054 3829 2275 3918 respondebo

254 3933 354 4018 tivit,
378 3955 483 4027 quam
498 3927 642 4020 scripsi,
660 3951 699 3996 ac
715 3939 796 4020 peto
815 3939 943 3996 utnon
963 3928 1069 3996 modo
1084 3924 1241 3996 subscri·
1290 3943 1370 3988 cum
1391 3919 1519 4009 legero.
1568 3919 1673 3993 Nunc
1698 3924 1742 3992 de
1763 3925 1912 4010 ancilla,
1943 3926 2048 4017 plane
2069 3927 2099 3994 si
2124 3943 2275 4000 accerset

254 4035 412 4132 ptioucm
436 4032 490 4104 t'ui
512 4029 684 4114 nominis,
713 4029 774 4098 sed
806 4028 912 4099 etiarn
942 4027 1096 4116 sigillum
1118 4027 1240 4101 addas.
1289 4014 1456 4090 Sabinas
1469 4035 1531 4093 aut
1542 4022 1636 4094 mitti
1650 4023 1765 4111 volet,
1790 4025 1898 4095 velim
1923 4049 2000 4095 eam
2019 4026 2125 4098 mitti.
2170 4029 2276 4102 Nunc
2318 3989 2319 4075 l

255 4135 417 4212 Fortasse
432 4134 527 4202 dices
539 4131 668 4219 frigide
683 4131 865 4199 laudatum
881 4151 964 4196 esse.
1014 4127 1086 4198 Sed
1110 4149 1173 4216 ego
1199 4125 1239 4194 iu
1289 4120 1387 4190 enirn
1405 4121 1541 4192 nullam
1554 4117 1678 4210 habet,
1703 4137 1739 4196 et
1752 4149 1827 4196 mea
1842 4126 1914 4197 lilia
1928 4149 2002 4196 non
2016 4141 2067 4198 est
2082 4153 2147 4218 par
2160 4127 2275 4203 labori

256 4235 325 4310 hoc
341 4247 440 4308 tanto
456 4231 644 4302 meoluctu
658 4231 745 4324 quid
762 4251 904 4321 possum
915 4228 990 4296 ulla
1012 4229 1056 4295 de
1077 4249 1115 4294 re
1135 4227 1239 4298 lucu·
1288 4222 1376 4297 sola.
1432 4219 1485 4293 Ac
1504 4225 1597 4294 malo
1619 4224 1808 4298 Misnicam
1829 4227 1898 4319 ipsi
1926 4227 2135 4320 adiungere,
2169 4259 2274 4328 quarn

256 4342 371 4410 lenter
399 4332 576 4406 scribere?
624 4331 679 4401 De
705 4333 768 4412 illo
792 4353 875 4399 vero
902 4351 983 4398 cum
1007 4326 1142 4415 cogito,
1172 4351 1240 4419 με-
1287 4321 1444 4419 aliquam
1459 4319 1690 4402 Marchicnm.

257 4439 382 4534 ταῤῥεῖ
400 4433 502 4509 ἅπαν
516 4429 559 4505 τὸ
576 4425 671 4524 αἷμα
691 4427 881 4504 ἄλλοσέποε
902 4432 980 4500 τῶν
1002 4419 1238 4526 σπλάγχνων.
1445 4451 1447 4456 ·
1694 4435 1701 4446 “

259 4540 309 4614 Et
323 4552 469 4628 augetur
482 4559 582 4606 meus
603 4533 724 4612 dolor,
747 4533 843 4625 quod
862 4544 968 4601 meet
988 4552 1085 4599 meos
1101 4542 1239 4600 tantum
1302 4523 2276 4558 '‘mm'‘
2315 4607 2316 4634 ,

259 4641 415 4720 accusari
430 4639 553 4722 video,
578 4635 679 4704 illurn
696 4633 798 4724 culpa
813 4632 977 4716 liberari,
1002 4631 1065 4724 qui
1079 4655 1151 4710 me,
1178 4631 1240 4724 qui
1289 4649 1486 4728 ngqffi
1585 4638 1588 4646 '
1636 4734 1642 4746 ⁸
2118 4677 2175 4742 Η.
2193 4672 2259 4741 lm
2313 4643 2316 4785 q

259 4747 421 4817 miseram
445 4739 630 4808 mulierem
658 4757 771 4802 meam
803 4733 1008 4822 coniugem,
1042 4731 1101 4825 qui
1126 4756 1242 4802 meam
1296 4749 1469 4781 *Ν
2100 4761 2269 4796 Μ

261 4848 370 4918 liliam
403 4843 473 4912 iam
501 4860 613 4909 annos
640 4849 720 4907 octo
749 4833 994 4924 multipliciter
1019 4833 1242 4906 excruciavit.
1507 4823 1744 4908 Marcellus
1773 4825 1836 4910 ati
1863 4828 2082 4946 Zwl'llt'ng.

260 4949 383 5042 Neque
406 4968 448 5016 ex
469 4935 535 5010 hac
551 4936 720 5008 affinitate
739 4935 890 5006 multum
905 4929 1020 5004 adhuc
1037 4929 1126 5003 mihi
1142 4934 1246 5004 laeti·
1363 4961 1464 5018 Manlii
1477 4962 1576 5036 tumr.
1588 4985 1614 5048 μ
1627 4967 1687 5050 μυ,
1704 4995 1741 5011 ..
1774 4967 1899 5024 Nonam
1912 4973 2197 5034 nominettsreettum
2210 4979 2286 5048 p...

881 5089 886 5102 ¹
1388 5031 1529 5114 epistolem
1542 5053 1695 5108 scripsisse,
1711 5035 1829 5099 sedeam
1844 5041 2046 5112 praescripsisse
2065 5044 2147 5102 elicui
2166 5065 2273 5103 moran
2313 5031 2314 5034 Ἴ

262 5133 493 5164 *-
1277 5165 1279 5168 ¹
1383 5100 1595 5173 discipulorum,
1613 5102 1767 5176 Τοεςεστε,
1785 5123 1841 5160 non
1858 5115 1898 5161 est
1912 5109 1986 5180 quod
2000 5129 2170 5172 moneamus.

296 5276 324 5344 6)
343 5273 407 5329 Pes.
421 5269 568 5328 mendosas
585 5267 660 5324 1554.

297 5363 325 5432 7)
343 5359 526 5418 Praeterrnisit
539 5357 602 5412 Pes.
613 5355 687 5412 bus.
1331 5345 1362 5416 *)
1379 5357 1410 5405 nt
1423 5345 1478 5402 filia
1489 5343 1521 5406 P.
1533 5347 1576 5406 M·
1588 5347 1781 5406 mtitneretnr.
