4654 5804
58 257 142 332 sor
236 350 244 360 Ι

61 421 261 556 Q.

903 435 937 495 7.
950 424 1038 489 Mart.

881 516 1052 548 Μ

418 607 455 690 1.
484 603 737 721 Agricolae.

136 780 156 848 †
175 775 215 829 Ex
231 771 398 846 autographo
416 770 534 844 Philippi
554 769 584 824 in
602 771 665 827 cod.
684 769 771 827 Rbed.
781 767 846 824 Vol.
857 767 892 821 V.
910 795 946 811 -
981 765 1061 821 Gon-

170 845 221 902 tuli
239 845 319 900 etiam
337 841 513 916 apographon
530 840 560 895 in
580 841 644 896 cod.
662 840 746 896 Paris.
765 839 802 894 D.
820 839 853 892 1..
874 838 937 897 54³.

64 997 229 1079 Clarias.
263 1001 358 1082 viro,
393 994 596 1070 eruditione
629 1007 661 1069 ct
689 997 818 1068 virtute
842 991 1061 1096 praestanti,

64 1109 121 1185 D.
148 1099 366 1178 Iohanni
399 1098 653 1198 Agricolae
684 1097 971 1182 Islcbicrisi,
1001 1097 1061 1194 pie

63 1207 294 1309 gubernanti
319 1201 488 1277 ecclesius
514 1203 554 1274 in
576 1195 784 1290 Morchio,
810 1201 929 1272 arrico
955 1197 1063 1270 veteri

426 1315 457 1400 ct
485 1305 696 1394 carissimo,

64 1427 109 1520 S·
131 1443 180 1517 D.
232 1439 395 1512 Gratiam
414 1437 483 1510 tibi
503 1433 638 1526 habeo,
669 1438 765 1534 quod
787 1431 878 1506 mihi
900 1450 1062 1508 amanter

65 1543 293 1639 respondisti.
344 1539 438 1611 Vere
455 1542 550 1610 enim
566 1541 734 1626 adfirmo,
760 1554 794 1610 te
812 1563 832 1608 a
855 1563 911 1608 me
927 1541 1060 1609 sincere

65 1649 188 1738 diligi,
219 1668 347 1738 meque
370 1657 510 1736 optare,
541 1657 582 1713 ut
610 1643 704 1714 inter
726 1666 792 1712 nos
812 1643 1061 1712 benevolentia

64 1763 237 1848 perpetua
254 1747 299 1818 sit
309 1737 358 1842 *).
409 1741 578 1815 Arbitror
593 1745 722 1830 etiarn,
747 1745 962 1836 reipublicae
976 1768 1060 1836 pro-

66 1859 165 1926 desse
186 1861 344 1920 nostram
368 1847 666 1920 coniunctionem.
717 1845 820 1918 Certe
844 1845 884 1914 in
908 1847 979 1920 vita
1001 1870 1059 1915 ae-

65 1974 169 2028 terna
198 1952 266 2021 erit
294 1951 512 2020 consuetudo
538 1949 696 2034 dulcior,
720 1949 751 2018 si
773 1944 832 2018 hic
856 1948 1009 2020 amicitia
1026 1943 1059 2043 ¹)

66 2055 235 2130 inchoata
249 2077 323 2122 non
336 2051 443 2122 fuerit
458 2051 667 2144 interrupta.

170 2151 354 2248 Georgius
362 2146 420 2248 **)
431 2147 626 2224 honorifice
634 2155 678 2222 de
693 2166 726 2224 te
734 2153 828 2245 apud
838 2145 1060 2238 Lutbcrum,

66 2289 141 2349 me,
171 2273 205 2329 et
231 2259 321 2328 alios
342 2257 481 2326 locutus
503 2269 574 2342 est,
601 2269 705 2350 teque
731 2251 883 2352 rogo²),
916 2270 956 2326 ut
979 2279 1060 2324 eum

65 2361 318 2456 complectaris.
370 2355 424 2426 De
441 2358 622 2450 republica
638 2382 735 2428 nunc
751 2355 891 2454 quod’)
910 2358 1060 2428 scribam
1182 2409 1191 2425 .

66 2493 139 2538 non
157 2462 285 2536 habeo.
343 2455 420 2550 Ego
439 2460 613 2530 mediocri
629 2459 831 2530 assiduitate
844 2485 962 2529 meum
977 2459 1058 2528 offi-

67 2573 161 2641 cium
176 2568 215 2635 in
230 2560 298 2634 hoc
312 2557 521 2632 scholastico
535 2585 702 2646 munere,
726 2559 803 2632 Deo
824 2562 985 2648 iuvante,
1006 2561 1061 2630 fa-

67 2673 177 2754 ciam,
199 2680 235 2737 et
257 2665 370 2734 exitus
385 2661 462 2734 Deo
478 2665 745 2738 commendabo.
796 2659 958 2734 Christus
981 2663 1060 2756 pol-

68 2775 196 2845 licetur
217 2767 278 2854 iis,
304 2766 367 2860 qui
388 2766 427 2834 in
448 2766 526 2856 ipso
551 2779 717 2850 manent,
741 2766 896 2836 fructum
917 2788 976 2834 eos
1000 2789 1060 2834 co·

66 2878 207 2970 piosum
223 2872 378 2940 facturos
393 2889 478 2937 esse.
529 2865 649 2960 Ipsum
669 2863 778 2957 igitur
791 2891 873 2953 oro,
898 2879 938 2937 ut
959 2867 1060 2936 labo-

66 3003 118 3048 res
146 2988 288 3044 nostros
310 2965 493 3062 provehat.
545 2968 706 3040 Scribam
722 2966 854 3062 alias⁴)
873 2969 1059 3061 copiosius.

65 3079 162 3151 Bene
177 3077 266 3148 vale.
316 3071 385 3143 Die
401 3072 436 3168 7.
450 3069 633 3163 Martii.⁵)

579 3167 771 3266 Philippus
785 3167 1010 3245 Melantbon.

925 3541 958 3604 9.
968 3531 1056 3598 Mart.

919 3623 1050 3650 Nm

64 3526 257 3660 Q.

327 3705 512 3822 Georgio
542 3705 800 3818 Aaboltirio.

648 241 1086 324 ariaroimauii
1143 243 1339 324 mama
1380 241 1525 332 1545.

2022 250 2099 328 698

1188 414 1243 490 D.
1269 411 1474 516 Georgia
1499 414 1719 518 Principi
1742 413 2016 496 Anholdino

1105 544 1150 636 S.
1175 565 1221 642 D.
1272 565 1365 640 Cum
1386 565 1446 640 hic
1468 570 1634 643 nunciata
1657 563 1750 668 est¹)
1767 594 1862 641 mors
1880 570 1951 641 viri
1971 572 2097 664 optimi

1106 663 1264 764 Georgii
1274 667 1383 741 Helii
1389 665 1451 768 Ι9),
1475 673 1593 758 subita
1619 675 1904 744 consternatione
1922 698 2012 766 pene
2037 697 2097 744 ex-

1106 773 1281 845 animatus
1296 798 1394 860 sum,
1419 798 1459 846 ac
1475 777 1591 848 statim
1607 790 1727 868 postea
1742 776 1895 868 comperi
1912 776 2098 868 publicum

1107 899 1179 945 esse
1204 877 1339 948 luctum
1365 878 1525 948 omnium
1553 874 1786 950 honestorum
1818 879 1931 948 nostri
1957 879 2097 949 ordinis

1106 971 1314 1066 hominum,
1339 982 1434 1074 quod
1452 1005 1556 1051 nemo
1578 1005 1653 1051 non
1668 980 1830 1051 dilexerit
1849 1005 1931 1050 eum
1952 997 2098 1074 propter

1107 1079 1270 1151 eximiam
1284 1083 1465 1158 virtutem.
1508 1081 1614 1153 Meus
1627 1108 1711 1153 vero
1729 1083 1833 1153 dolor
1848 1107 1889 1153 eo
1906 1084 2022 1154 maior
2036 1098 2098 1169 est,

1107 1185 1202 1276 quod
1220 1197 1254 1254 et
1270 1185 1425 1254 amicitia
1439 1185 1532 1255 inter
1546 1208 1613 1256 iios
1628 1187 1697 1256 fuit
1713 1185 1934 1266 dulcissima,
1961 1199 1997 1257 et
2016 1209 2097 1257 cuin

1107 1279 1196 1353 mihi
1229 1286 1440 1358 familiarius
1477 1302 1583 1358 notus
1621 1287 1743 1374 inerit,
1783 1287 1894 1378 magis
1925 1287 2099 1380 intelligo,

1107 1399 1278 1480 quantam
1309 1389 1385 1458 eius
1416 1390 1564 1460 interitu
1591 1389 1761 1461 iacturam
1788 1389 1910 1460 iecerit
1938 1387 2098 1484 Respub.

1107 1487 1189 1558 Tuo
1213 1489 1320 1560 ctiam
1345 1491 1443 1568 luctu
1468 1515 1635 1578 moveor,
1674 1493 1736 1586 qui
1761 1491 1865 1564 illum
1891 1503 1926 1561 et
1952 1507 2099 1586 propter

1107 1615 1282 1678 amorem,
1299 1619 1370 1686 quo
1388 1619 1467 1662 eum
1485 1594 1691 1685 complexus
1708 1618 1762 1680 es,
1782 1608 1816 1665 et
1834 1609 1980 1686 propter
1988 1592 2099 1667 Rem-

1109 1693 1286 1786 publicam
1309 1695 1496 1769 desideras.
1548 1694 1696 1784 Quoties
1721 1697 1792 1766 iam
1816 1696 1855 1765 in
1871 1697 2100 1769 deliberatio·

1106 1795 1213 1865 nibus
1229 1820 1348 1867 rerum
1362 1820 1571 1886 magnarum
1586 1800 1711 1868 sedens
1718 1793 1767 1893 ²),
1788 1823 1828 1870 ac
1843 1799 1960 1870 locum
1974 1801 2012 1870 in
2026 1825 2098 1894 quo

1107 1900 1319 1990 respondere
1352 1923 1392 1969 ac
1423 1900 1583 1970 conferre
1616 1901 1826 1970 sententiam
1854 1902 2007 1989 solebat,
2040 1903 2099 1970 iii-

1107 2013 1208 2069 tuens
1234 2025 1315 2070 eum
1333 2001 1519 2096 requires?
1562 1999 1642 2074 Etsi
1665 2015 1784 2073 autem
1812 2003 1972 2080 dolorem
1996 2017 2099 2075 tuum

1106 2103 1194 2172 adeo
1210 2127 1285 2172 non
1301 2100 1543 2196 reprehendo,
1567 2118 1609 2175 ut
1625 2105 1773 2198 probem
1788 2106 1893 2175 etiam
1911 2120 1946 2177 et
1959 2107 2099 2197 insigne

1106 2203 1284 2296 specimen
1315 2229 1388 2276 esse
1417 2205 1558 2298 pietatis
1585 2209 1726 2277 ducam:
1766 2220 1884 2278 tamen
1914 2221 2100 2301 praecepta

1107 2307 1226 2376 eadem
1237 2331 1325 2400 quae
1340 2308 1379 2376 in
1395 2307 1539 2378 caeteris
1555 2309 1693 2400 magnis
1706 2309 1884 2380 aerumnis
1897 2311 2001 2381 nobis
2014 2335 2100 2404 pro-

1107 2433 1292 2500 ponimus,
1324 2403 1385 2480 hic
1414 2410 1616 2500 cogitemus.
1674 2411 1861 2482 Desiderio
1894 2435 1961 2482 nos
1994 2413 2099 2484 adfici

1107 2523 1310 2580 nostrorum
1325 2509 1527 2599 vultDeus,
1550 2513 1628 2584 vult
1645 2537 1712 2583 nos
1725 2515 1808 2604 angi
1825 2527 1858 2584 ct
1874 2515 2010 2585 dolere:
2034 2539 2099 2586 nec

1106 2611 1205 2680 illam
1227 2613 1449 2700 torvitatem,
1481 2637 1543 2684 seu
1567 2615 1825 2686 immanitatem
1845 2617 1984 2707 potius,
2010 2641 2100 2712 quae

1106 2710 1200 2783 nihil
1222 2729 1385 2787 movetur
1401 2715 1532 2808 asperis
1556 2717 1662 2788 rebus
1677 2741 1739 2788 seu
1755 2719 1911 2810 propriis
1931 2742 1993 2790 seu
2009 2720 2099 2790 ami-

1106 2841 1245 2902 corum,
1268 2819 1407 2908 probat.
1458 2813 1512 2888 Ac
1524 2816 1641 2890 Filius
1654 2817 1721 2891 Dei
1738 2844 1840 2913 saepe
1857 2822 1997 2915 expavit
2011 2823 2099 2914 ipse,

1105 2919 1314 3014 lacrymavit
1345 2933 1380 2992 et
1401 2920 1636 2991 acerbissimis
1659 2923 1843 2994 doloribus
1876 2925 2099 2998 conflictatus

1106 3033 1169 3093 est.
1220 3018 1292 3090 Sed
1308 3021 1414 3091 simul
1428 3023 1599 3114 praecipit
1614 3021 1730 3110 Deus,
1751 3039 1792 3097 ut
1807 3025 2020 3116 cogitatione
2034 3052 2099 3097 vo-

1105 3122 1251 3192 luntatis
1265 3147 1347 3193 suae
1360 3137 1393 3194 et
1408 3137 1631 3195 aeternorum
1648 3127 1838 3211 bonorum,
1854 3152 1945 3221 quae
1962 3129 2098 3221 promi-

1106 3223 1150 3294 sit
1165 3225 1260 3310 suis,
1285 3250 1374 3320 quos
1395 3249 1436 3296 ex
1456 3221 1521 3296 hac
1537 3229 1609 3298 vita
1625 3241 1764 3314 evocat,
1790 3231 2004 3300 moestitiam
2018 3255 2098 3300 mo-

1105 3327 1290 3409 deremur,
1321 3343 1355 3400 et
1376 3329 1546 3422 paulatim
1572 3331 1710 3402 animos
1734 3331 1928 3422 erigamus,
1963 3357 2004 3404 ac
2024 3332 2098 3404 illis

1105 3428 1224 3520 potius
1244 3424 1331 3500 haec
1352 3431 1447 3501 bona
1464 3433 1698 3522 gratulemur,
1720 3457 1827 3528 quam
1842 3449 1963 3506 nostra
1985 3435 2097 3507 iactu-

1104 3556 1142 3600 ra
1159 3553 1343 3620 angamur.
1365 3531 1449 3603 Non
1464 3557 1585 3604 sumus
1600 3536 1645 3622 ii,
1661 3537 1724 3630 qui
1740 3531 1920 3622 homines,
1931 3550 1973 3608 ut
1988 3561 2096 3628 pecu-

1104 3635 1165 3702 des
1181 3635 1278 3702 nasci
1294 3647 1327 3704 et
1342 3636 1517 3724 exstingui
1532 3649 1682 3722 tantum,
1695 3651 1736 3708 ut
1748 3635 1904 3734 serunt³)
1918 3639 2094 3710 viccsma-

1103 3735 1230 3815 teriae,
1248 3759 1312 3804 nec
1328 3750 1457 3806 restare
1474 3736 1577 3806 nobis
1593 3739 1699 3807 aliam
1714 3739 1892 3810 civitatem
1909 3741 2092 3812 meliorem

129 3872 267 3932 Metanih.
286 3865 551 3938 sciscitarem.
587 3865 655 3921 Met
675 3867 753 3988 ffffl'
775 3865 1053 3954 lib.1.p.9e,(.g;„
1102 3837 1330 3906 arbitremur:
1366 3837 1458 3924 Sed,
1481 3853 1522 3908 ut
1539 3839 1578 3908 in
1594 3836 1751 3912 Ecclesia
1766 3867 1834 3912 vox
1848 3839 1916 3913 Dei
1929 3867 1995 3913 nos
2011 3867 2093 3914 cru-

163 3943 253 3998 Lond.
267 3941 313 3996 lib.
327 3939 347 3994 1.
360 3959 405 4058 effi
416 3938 460 3994 ct.

165 4014 264 4134 dm
282 4019 309 4062 et
328 4009 356 4061 in
463 3944 534 4060 iibro
554 4005 600 4059 ΙΙΙ.
624 4007 700 4077 epist.
721 4026 748 4076 p.
763 4007 821 4062 128.
840 4009 880 4076 (in
898 4009 962 4064 edit.
978 4012 1054 4065 Lon.

187 4081 225 4136 in.
238 4079 287 4133 lib.
301 4077 349 4131 ill.
367 4095 424 4129 non
438 4074 572 4146 repetita.)
589 4103 625 4116 -
660 4075 825 4146 apographa
843 4077 871 4130 in
890 4077 953 4133 cod.
972 4079 1055 4136 Goth.

492 3967 527 3976 -
551 3935 668 3990 taemtu
699 3936 1053 4007 pisiottsaaoameiartum
1102 3938 1186 4024 diit,
1214 3939 1343 4008 scimus
1369 3940 1430 4024 iis,
1462 3941 1524 4034 qui
1550 3937 1784 4032 Evangelium
1816 3943 1968 4035 amplexi
2000 3959 2094 4032 sunt,
2201 3952 2206 3973 ‘

1101 4053 1242 4110 aeterna
1267 4042 1421 4131 praemia
1443 4043 1623 4134 proposita
1644 4067 1729 4116 esse.
1790 4040 1952 4116 Ardebat
1972 4059 2090 4117 autem

166 4150 225 4206 19⁰·
237 4169 265 4221 r·
278 4149 356 4214 2⁵4..
368 4145 397 4198 in
409 4144 473 4201 ωδ·
484 4143 567 4200 9091·
581 4143 641 4202 191.
656 4163 682 4216 r·
694 4143 780 4235 849..
801 4155 827 4200 er
845 4145 873 4199 in
894 4147 956 4203 eod.
972 4147 1055 4208 Goth.
1101 4155 1222 4234 pectus
1230 4134 1386 4237 Georgii
1397 4168 1516 4214 amore
1530 4143 1615 4214 Filii
1629 4142 1698 4216 Dei
1714 4143 1862 4218 Domini
1879 4148 1992 4220 nostri
2011 4145 2092 4220 lesu

163 4219 224 4278 599.
235 4238 263 4292 p.
276 4217 319 4273 88.

65 4399 281 4418 Μ

94 4517 122 4590 *)
142 4515 271 4591 Agricola
283 4531 316 4568 eo
337 4521 460 4582 tempore
474 4507 625 4564 secundom
639 4506 805 4563 voluntatem
819 4508 955 4584 Principia
966 4511 1052 4572 Elect.

128 4584 285 4642 Brandcnb.
306 4583 332 4635 'n
351 4580 464 4652 gratiam
483 4597 546 4634 cum
560 4576 801 4650 Vitebergenaibus
818 4579 914 4649 rediit,
932 4591 958 4636 et
978 4584 1050 4638 anri.

129 4655 268 4712 nomiaino
282 4649 415 4704 valedixit.

96 4741 122 4808 1)
140 4743 185 4794 iiie
196 4737 337 4802 amicitiis]
356 4732 419 4790 cod.
432 4733 494 4786 Par.
508 4733 563 4784 irae
577 4732 693 4796 elicitum
711 4731 852 4788 mendose.

95 4826 141 4896 **)
164 4822 350 4890 Bncbbolacr,
378 4838 501 4893 praepos.
520 4817 640 4871 Berolin.
690 4817 846 4874 irridetur
867 4817 1049 4896 Witebcrgae

127 4897 227 4966 inisse,
246 4904 278 4948 iit
294 4889 478 4960 colligendum
492 4895 532 4942 eat
545 4905 575 4938 ea
589 4885 667 4957 epist.
684 4884 793 4940 botheri
811 4887 844 4942 ad
859 4887 1048 4948 Marebionem

127 4967 281 5021 Electorem
302 4961 328 5014 d.
349 4961 375 5013 9.
398 4955 491 5010 Martii
510 4953 585 5011 1545.
625 4953 686 5009 Hoc
707 4974 779 5010 anno
800 4955 848 5010 filii
870 4957 1049 5017 Bucbbolaeri

126 5043 264 5090 venerunt
285 5033 314 5085 iu
330 5027 507 5083 Academiam
526 5023 781 5096 Witebergenseni.
821 5026 882 5080 via.

126 5103 152 5158 d.
167 5097 310 5160 rasitare.
323 5097 405 5153 inira.

92 5187 125 5258 2)
142 5193 222 5256 rogo]
240 5183 304 5242 cod.
319 5183 403 5240 Paris.
419 5197 479 5237 oro.

93 5271 120 5341 3)
142 5271 308 5329 coapata.
325 5267 401 5338 quid.

93 5357 121 5426 t)
138 5361 224 5425 maa]
241 5357 304 5413 cod.
316 5353 378 5408 Par.
393 5353 554 5422 alibrando.

94 5441 120 5510 5)
138 5442 207 5502 cod.
220 5443 283 5500 Par.
295 5441 322 5496 4.
334 5437 414 5494 atati

905 5029 984 5083 ctiam
1006 5051 1047 5104 ep.

1101 4239 1254 4330 Christi,
1280 4246 1328 4316 ita
1343 4259 1383 4316 ut
1399 4259 1532 4316 caetera
1552 4248 1589 4316 in
1606 4249 1678 4318 vita
1693 4250 1813 4320 omnia
1828 4252 1972 4320 duceret
1985 4251 2090 4343 longe

1101 4347 1281 4420 inferiora.
1338 4345 1387 4418 Et
1409 4345 1597 4439 Evangelii
1620 4352 1914 4445 propagationem
1932 4353 2088 4424 studiose

1083 4448 1306 4535 adiuvabat,
1328 4451 1419 4520 etad
1435 4445 1504 4521 hoc
1519 4453 1623 4521 decus
1636 4454 1850 4542 adiungebat
1865 4477 1988 4524 omnes
2003 4455 2090 4526 alias

1099 4549 1266 4636 virtutes,
1299 4552 1452 4645 quaein
1483 4555 1650 4622 membris
1677 4549 1813 4624 Christi
1841 4579 1913 4626 esse
1947 4558 2088 4628 debent.

1097 4649 1258 4746 Cumque
1280 4667 1369 4724 esset
1391 4653 1430 4722 in
1451 4655 1570 4724 dando
1595 4656 1743 4726 consilio
1767 4681 1843 4728 non
1866 4659 1981 4729 solum
2000 4685 2087 4752 pru·

1097 4755 1185 4825 dens
1212 4767 1247 4825 et
1273 4755 1408 4843 fidelis,
1442 4757 1503 4826 sed
1532 4757 1638 4830 etiam
1667 4759 1770 4848 felix,
1802 4783 1877 4832 non
1899 4762 2026 4833 dubito
2052 4761 2085 4830 ei

1096 4953 1289 4968 *—

1129 5069 1157 5136 1)
1175 5078 1247 5122 esset
1266 5068 1343 5126 Cain.

1128 5164 1161 5236 ¹¹¹)
1180 5165 1211 5219 in
1230 5167 1295 5249 cod.
1310 5166 1393 5224 Goth.
1405 5168 1466 5226 599.
1487 5169 1575 5227 adseri
1597 5183 1654 5230 tum
1675 5188 1727 5233 esti
1746 5177 1813 5233 obiit
1832 5177 1875 5230 die
1890 5176 2003 5232 Veneris
2021 5185 2083 5250 post

1163 5237 1327 5291 dominicam
1341 5237 1541 5310 Reminiscere,
1558 5243 1566 5296 i
1599 5255 1639 5299 eat
1652 5246 1678 5303 6.
1693 5247 1786 5302 Martii
1802 5245 1877 5303 1545.

1127 5339 1155 5409 2)
1175 5337 1246 5397 Cod.
1261 5337 1343 5392 Gotli.
1356 5338 1417 5395 190.
1430 5345 1536 5399 aedem.

1127 5437 1156 5511 5)
1174 5439 1252 5496 Cam.
1263 5439 1411 5509 seruntur.
