4670 5806
79 233 147 310 481
292 281 297 288 -
653 233 1091 316 EPISTOLARUM
1141 237 1341 321 mu.1x.
1387 237 1527 320 tttt.
2034 257 2114 338 482

75 405 136 478 No.
154 406 269 482 8080.
906 414 1065 500 tusapt.
1119 411 1197 494 τοῖς
1218 407 1348 508 παισὶν
1369 409 1444 488 elne
1469 410 1655 514 χρήσιμα,
1688 417 1834 524 μεγάλα
1856 421 1967 524 gatae
1993 428 2111 508 αὐτῶ.

87 501 255 540 '‘⁸⁸‘'
884 510 889 518 '
915 510 1049 540 Μ
1119 514 1296 584 Siverum
1318 519 1423 586 decus
1447 533 1519 604 est,
1543 518 1721 598 Ecclesiae
1745 531 1934 602 seminaria
1952 505 2111 621 educerb,

407 603 459 692 G.
499 605 743 720 Spalait'nO.
1119 629 1154 684 et
1178 615 1272 686 cives
1290 619 1334 685 ad
1359 619 1526 690 virtutem
1557 623 1727 708 invitare,
1762 629 1956 718 plurimum
1988 635 2111 706 deberi

141 767 161 834 ᾧ
182 763 219 818 Er
238 783 252 817 ὃ
272 781 330 836 ogr.
350 764 378 818 iu
397 764 460 820 aad.
482 763 565 823 Gom
587 767 649 822 ω’.
670 785 698 838 Ρ.
718 767 778 820 m·
803 773 830 818 et
848 763 910 819 eod.
930 761 1025 819 Mn·
1044 763 1067 816 l.
1120 712 1175 833 his
1191 717 1420 788 iudicandum
1438 735 1500 804 est,
1526 726 1588 816 qui
1607 739 1763 798 teneram
1777 745 1926 802 aetatem
1941 735 2109 814 formant.

148 782 290 905 ·.p‚1ia,
675 839 677 844 ’
1118 815 1227 888 Metto
1251 831 1367 888 autem
1392 821 1458 890 tibi
1481 823 1636 894 indicem
1657 829 1796 898 dicrum
1817 833 1973 926 aliquot,
2003 859 2110 930 quem
2161 873 2164 876 ·

1118 919 1239 1008 augeri
1254 933 1314 990 tua
1335 922 1518 1010 diligentia
1538 925 1631 999 volo.
1681 925 1898 1004 Excitandae
1913 935 2109 1010 iuventutis

1118 1041 1237 1090 caussa
1261 1013 1346 1090 haec
1366 1024 1534 1108 observo,
1567 1040 1600 1095 ct
1625 1029 1790 1118 cogitatio
1806 1047 1964 1106 veterum
1987 1063 2107 1112 rerum

76 1103 240 1188 Primum
265 1143 390 1212 precor
410 1146 452 1192 ex
474 1122 593 1191 animo
617 1124 802 1192 dominum
824 1136 986 1194 nostrum
1012 1121 1066 1194 le-
1117 1144 1174 1190 me
1189 1122 1233 1188 de
1250 1123 1371 1192 multis
1385 1127 1491 1194 rebus
1503 1128 1680 1204 admonet.

77 1239 152 1290 sum
172 1215 357 1294 Christum
382 1223 586 1294 crucifixum
610 1247 675 1314 pro
696 1225 800 1295 nobis
826 1238 860 1296 ct
880 1224 1066 1294 resuscita-
1218 1220 1272 1292 De
1297 1245 1374 1292 meo
1390 1225 1546 1314 periculo
1564 1229 1652 1298 scito
1666 1249 1724 1298 me
1741 1253 1817 1302 rem
1831 1247 1941 1308 totam
1953 1237 2032 1310 Deo
2044 1265 2107 1312 ae·

77 1333 167 1408 tum,
193 1335 236 1392 ut
260 1335 293 1392 te
318 1325 521 1394 consoletur
542 1323 669 1414 spiritu
684 1349 749 1394 suo
765 1339 906 1410 sancto,
932 1327 994 1420 qni
1009 1326 1066 1394 vi·
1117 1334 1218 1390 terno
1240 1324 1333 1414 patci
1355 1321 1502 1394 Domini
1523 1329 1635 1398 nostri
1662 1327 1741 1402 lesu
1764 1329 1900 1410 Christi
1923 1345 2107 1413 commen-

77 1434 146 1490 tam
164 1438 199 1495 et
222 1425 393 1496 laetitiam
412 1425 585 1499 accendit.
635 1422 774 1496 Deinde
789 1441 823 1496 te
837 1451 977 1518 quoque
1000 1451 1064 1496 oro
1116 1424 1219 1507 dare,
1240 1445 1306 1494 nec
1327 1427 1449 1494 cedam
1473 1426 1607 1500 invitus
1630 1452 1671 1500 ex
1695 1427 1763 1504 hoc
1786 1440 1980 1527 ergastulo,
2004 1443 2108 1516 silita

79 1536 110 1594 et
131 1525 308 1610 obtestor,
338 1544 378 1596 ut
403 1529 447 1596 de
471 1549 613 1620 quoque
636 1529 748 1616 erigas
772 1528 984 1617 cogitatione
1001 1553 1065 1598 vo·
1117 1545 1171 1592 res
1187 1524 1287 1594 ieret.
1336 1522 1416 1596 Hoc
1429 1527 1609 1598 silentium
1626 1535 1723 1624 quod
1739 1535 1835 1608 nunc
1853 1553 1921 1624 est,
1944 1543 2106 1634 intelligo

78 1624 223 1696 luntatis
243 1623 388 1698 Christi.
439 1628 521 1698 Non
542 1629 620 1697 vult
636 1624 818 1712 Christus,
845 1643 884 1700 ut
908 1629 977 1719 ipsi
999 1651 1064 1698 nos
1116 1648 1187 1718 quo
1212 1638 1358 1714 spectet:
1392 1627 1481 1696 illud
1505 1631 1610 1700 etiam
1633 1634 1804 1706 scribenti
1825 1643 1923 1712 venit
1945 1642 2107 1716 inman-

78 1725 113 1792 in
127 1727 409 1820 desperationem
432 1743 466 1800 et
484 1741 634 1798 mortem
648 1753 863 1822 mergamus,
888 1733 948 1798 sed
976 1731 1065 1814 vult,
1116 1739 1207 1805 tem,
1228 1719 1306 1796 heri
1321 1721 1411 1796 mihi
1425 1743 1608 1803 narratum
1622 1747 1693 1820 est,
1716 1729 1975 1814 Theotaldam
1982 1739 2107 1818 Belli-

78 1849 139 1896 nos
154 1821 373 1915 homicidae,
399 1831 554 1912 diabolo,
578 1831 758 1917 resistere,
784 1832 980 1924 impellenti
999 1855 1065 1900 nos
1116 1848 1249 1894 conum
1263 1827 1404 1918 pulsum
1429 1851 1502 1899 esse
1524 1844 1596 1901 tota
1614 1831 1768 1906 Palatini
1783 1839 1936 1928 ditione,
1962 1861 2107 1939 propter

79 1929 119 1996 ad
140 1929 382 2026 dubitationes
407 1932 451 2000 de
472 1929 541 2000 Dei
564 1932 817 2006 misericordia.
868 1929 954 2002 Esto
978 1933 1065 2002 furti
1116 1928 1259 2016 negocia
1278 1930 1450 2020 quaedam
1465 1931 1589 2006 aulica.
1641 1933 1726 2007 Fuit
1739 1963 1838 2010 meus
1854 1945 2108 2041 συμφοιτητὴς

79 2041 109 2098 et
127 2030 219 2100 laeto
245 2031 384 2112 animo,
417 2033 499 2126 quia
521 2027 684 2102 Christus
708 2035 812 2104 nobis
833 2036 985 2104 donatus
1005 2047 1065 2118 est,
1117 2041 1151 2098 et
1171 2027 1315 2118 ingenio
1342 2044 1376 2100 et
1402 2031 1603 2124 eloquentia
1626 2059 1683 2104 me
1705 2037 1810 2128 longe
1830 2059 1982 2135 superat.
2033 2048 2106 2122 Sed

79 2142 115 2198 ut
136 2132 254 2222 angeli
274 2146 423 2204 camma:
456 2155 528 2202 κω
551 2133 738 2206 annuncio
759 2133 859 2205 vohis
880 2128 1064 2227 gaudium
1117 2129 1210 2199 malo
1234 2130 1375 2200 exulare
1400 2132 1439 2200 in
1454 2155 1494 2202 ea
1508 2157 1649 2218 caussa,
1672 2162 1762 2231 quae
1777 2141 1815 2209 in
1838 2167 1895 2212 me
1912 2147 2104 2232 confertur,

80 2255 277 2324 mgnum,-
303 2233 472 2322 gaudium
482 2227 541 2330 4444)
558 2235 694 2328 inquit,
720 2253 753 2308 et
771 2237 893 2306 laetari
907 2259 972 2305 nos
989 2237 1064 2306 vult
1117 2254 1222 2322 quam
1238 2233 1480 2329 propter-talia
1497 2236 1661 2324 negocia,
1687 2241 1853 2331 qualibus
1869 2243 1930 2316 ille
1950 2247 2106 2339 implici-

80 2345 108 2401 et
128 2333 239 2407 iubet.
290 2333 364 2405 Nec
383 2347 422 2405 tu
442 2359 583 2406 causam
607 2334 713 2406 habes
740 2339 902 2409 tristitiae
924 2338 1064 2409 iustam.
1117 2347 1172 2400 tus
1193 2331 1273 2406 suit.
1323 2326 1591 2409 Ferdinandus
1615 2362 1674 2408 rex
1698 2365 1779 2410 cum
1801 2328 2105 2436 totoegmtnesstaa

80 2429 257 2506 Adiuvisti
280 2436 432 2506 fideliter
456 2439 636 2508 ecclesiam
659 2435 744 2524 Dei,
780 2455 814 2510 et
842 2439 914 2508 scio
938 2437 1065 2530 optimi
1116 2433 1278 2520 grediens
1295 2432 1490 2521 Viennam,
1525 2437 1660 2526 ingenti
1690 2433 1849 2514 examine
1878 2447 2106 2540 locustarum,

80 2536 246 2628 principis
265 2537 482 2609 voluntatem
506 2560 586 2626 erga
610 2552 644 2608 te
660 2541 830 2632 optimam
846 2563 929 2613 esse.
981 2539 1063 2610 Scio
1115 2535 1213 2604 velut
1237 2534 1352 2604 imbre
1376 2537 1532 2616 obrutus,
1549 2553 1725 2616 narratur.
1776 2541 1874 2616 Bene
1895 2547 1984 2624 vale.
2019 2551 2102 2630 xll.

80 2661 214 2722 omnes,
242 2662 396 2732 quorum
421 2637 609 2710 auctoritas
627 2643 813 2732 praecipua
836 2655 906 2728 est,
929 2641 997 2711 tibi
1023 2665 1063 2708 ex
1115 2631 1400 2710 Calend.octob.
1486 2685 1488 2690 -
1555 2707 1560 2716 ,
1617 2707 1622 2718 ,
1700 2703 1704 2712 ,
1747 2687 1797 2734 -·;
1828 2685 1887 2730 ·.·=·
1940 2667 1952 2676 ’·
2028 2669 2033 2676 ’

81 2739 192 2807 aniano
208 2741 301 2809 bene
319 2741 426 2826 velle,
451 2753 485 2810 et
501 2765 623 2810 omnes
637 2756 773 2834 optare,
796 2753 843 2812 'ne
859 2744 907 2811 ita
925 2741 1065 2832 angaris
1225 2751 1229 2758 '
1771 2736 1865 2821 Phil.
1873 2741 2055 2824 '‘Melanth.

82 2839 205 2912 animo.
271 2838 355 2910 ldeo
382 2841 505 2932 pellito
527 2843 737 2913 moestitiam
765 2857 799 2914 et
822 2843 1001 2936 acquiesce
1025 2865 1065 2910 ac
1547 2894 1552 2904 ·
1891 2893 1896 2904 ·
1955 2895 1994 2928 ,-
2053 2891 2059 2900 ·

81 2937 202 3013 laetare
218 2942 260 3020 in
274 2937 429 3014 Christo.
478 2941 575 3012 Bene
593 2944 680 3017 vale.
736 2946 793 3020 16.
810 2943 1039 3035 Septembris.
1403 2939 1473 3016 Ex
1496 2946 1615 3018 sacn's
1641 2943 1822 3032 hisloiiis.
1920 2940 1951 2960 ‘⁸
2061 2949 2067 2958 ¹

809 3039 903 3118 Phil.
921 3045 1007 3118 Mel.

291 982 495 1084 Georgia
523 985 855 1086 Spoletino.*)

1166 3090 1292 3163 Mense
1306 3089 1438 3162 Martio
1453 3095 1511 3164 die
1528 3096 1560 3170 1.
1577 3097 1775 3172 diminutae
1789 3127 1899 3198 aquae
1915 3109 2054 3190 diluvii.

1167 3193 1294 3263 Mense
1308 3198 1463 3264 secundo
1482 3197 1541 3266 die
1552 3197 1609 3270 17.
1625 3200 1913 3288 ingressusNoha
1926 3210 1965 3280 in
1978 3236 2106 3294 arcam.

1168 3293 1292 3364 Mense
1315 3299 1469 3366 secundo
1495 3297 1628 3372 dieat.
1647 3323 1804 3390 egressus
1820 3301 1927 3398 Nuba¹
1947 3335 1987 3412 ex
2014 3339 2105 3408 arca,

82 3402 142 3478 No,
159 3407 276 3482 3031,
911 3427 970 3489 19,
983 3415 1069 3499 sepa,
1118 3391 1214 3486 Ergo
1239 3409 1332 3465 totus
1356 3421 1471 3467 artatus
1495 3399 1532 3468 iu
1549 3424 1629 3470 arca
1646 3405 1841 3496 completus
1856 3424 1925 3496 est,
1951 3415 2033 3508 quia
2048 3443 2107 3490 ac..

89 3499 272 3540 “⁹'‘-
891 3507 1063 3536 *Ν
1119 3499 1250 3568 cedunt
1265 3493 1430 3569 ἕπακται.

353 3589 503 3676 Ioach.
537 3589 795 3678 Camerario.
1171 3597 1297 3668 Mense
1313 3599 1460 3690 septimo
1476 3599 1533 3670 die
1548 3599 1760 3696 27.quievit
1774 3628 1865 3682 arca.

143 3743 230 3816 Epist.
243 3743 277 3798 ad
293 3745 430 3804 Camerar.
467 3747 570 3804 ,lats
590 3787 598 3804 .
618 3746 772 3818 (edbond.
788 3746 836 3802 lV.
855 3746 993 3819 epate).
1170 3697 1296 3816 4444444ἒί
1322 3701 1379 3816 1}-
1402 3723 1480 3770 esus
1502 3702 1603 3791 agni’
1629 3716 1665 3774 et
1692 3705 1808 3796 44448340
1831 3697 1983 3810 Chris&
2035 3718 2108 3792 sed

447 3765 466 3822 4
571 3768 588 3822 q
1120 3797 1299 3868 Passionis
1316 3801 1391 3868 dies
1412 3815 1527 3873 certus
1545 3817 1598 3874 est
1611 3818 1755 3876 octavus
1771 3821 1852 3880 ante
1867 3807 1943 3888 Cal.
1958 3811 2108 3916 Aprilis,

85 3885 240 3969 Clariss.
275 3897 353 3968 viro
393 3881 596 3972 eruditione
636 3908 668 3970 et
703 3899 832 3970 virtute
861 3899 1072 3997 praestanti
1119 3901 1156 3972 id
1173 3899 1299 3988 est25.
1316 3899 1451 3974 Martii.

84 3995 326 4072 Ioaehimo
359 3993 630 4072 Camerario
662 3995 815 4073 Rectori
849 3997 1070 4076 Academiae
1170 3999 1396 4072 Resurrectio
1412 4003 1472 4074 28.
1487 3999 1622 4074 Martii.
1749 4081 1752 4086 ¹
1858 4079 1861 4086 ⁴
2039 4081 2043 4094 Ι

249 4096 441 4199 Lipsicae,
467 4106 586 4174 amico
601 4127 669 4174 sao
690 4102 900 4190 carissimo,
1171 4099 1256 4172 Dies
1271 4101 1330 4173 25.
1349 4101 1475 4170 Martii
1487 4103 1618 4172 dicitur
1633 4117 1666 4174 et
1682 4104 1758 4175 dies
1774 4105 1972 4192 Creationis
1985 4096 2104 4196 lidae,¹

86 4216 125 4306 S.
141 4237 185 4312 D.
237 4235 320 4306 Non
335 4239 519 4308 dissimulo
534 4265 591 4308 me
607 4237 772 4324 delectari
787 4239 849 4308 illa
863 4239 1071 4324 laudatiun-
1116 4262 1117 4268 ¹
1171 4199 1239 4272 D¹⁰
1261 4202 1567 4321 ²5'N0vffmbm’
1600 4231 1788 4324 q⁰¹,⁰⁰¹¹⁰
1813 4208 2109 4320 4444444444444441

88 4339 158 4408 cula
173 4334 398 4433 Epicharmi,
413 4343 457 4409 de
474 4365 543 4434 qua
558 4341 699 4427 scribis,
722 4337 813 4409 Nam
829 4340 987 4432 prolecto
1004 4341 1071 4410 ali'-
1121 4301 1267 4476 4444134444
1281 4301 1459 4374 4444444444
1476 4303 1722 4440 44404444144444χ
1882 4409 1887 4418 ,

89 4456 214 4532 quanto
228 4441 342 4509 maius
359 4443 463 4511 decus
475 4465 547 4511 csse
562 4442 681 4512 iudico
695 4435 824 4512 παισὶν
832 4429 999 4536 χρήσιμᾶ
1015 4437 1071 4511 λέ-
1207 4431 1239 4524 {⁶
1261 4403 1518 4523 ¹3·F⁰bm³‘‚{¹
1536 4405 1859 4484 5¹⁶t⁰⁵N¹⁰³¹¹⁰fs
2100 4508 2104 4520 .

90 4563 178 4636 pua,
203 4563 308 4636 quam
326 4541 472 4612 Troiam
488 4565 625 4634 capere.
674 4539 808 4614 Extant
821 4556 937 4614 autem
959 4543 1070 4614 versi·
1149 4504 1287 4623 ,D¹⁰⁸·
1305 4507 1522 4624 8494444444
1539 4505 1695 4627 deletum,
1711 4510 2031 4606 templumaTrto,
2047 4523 2110 4620 41444
2185 4594 2187 4598 .

91 4643 154 4713 culi
174 4644 229 4714 illi
251 4645 290 4712 in
306 4639 437 4728 Codice
454 4639 636 4716 Theocriti
653 4645 692 4712 in
714 4644 898 4735 postremis
916 4645 1071 4735 pagellis,
1122 4602 1196 4676 44444
1210 4631 1309 4721 ,4444444
1324 4621 1375 4677 444
1387 4604 1524 4678 4444444444
1541 4605 1585 4682 B·
1601 4608 1749 4685 44444444·

92 4743 285 4816 dulcissima
302 4758 353 4814 cst
365 4744 583 4836 simplicitas.
604 4741 721 4817 πολλὰ
737 4740 812 4843 peip
821 4740 965 4818 ποττὰν
979 4741 1071 4832 ζοὰν
1390 4797 1554 4874 Gmem
1580 4811 1612 4873 Α
1633 4797 1833 4877 Romana,

122 5020 149 5090 q
167 5021 319 5105 spalatino·
337 5034 507 5078 concauam
521 5007 724 5077 mmmm
737 5021 851 5077 diaulus
869 5039 933 5076 cum
954 4995 1074 5078 noverea
1174 4947 1309 5043 Aprilis
1324 4953 1379 5020 die
1396 4953 1458 5028 24.
1473 4967 1616 5044 captum
1638 4951 1769 5040 Ilium,
1793 4971 1826 5028 et
1842 4954 2043 5032 Alexander
2058 4967 2113 5034 vi.

156 5105 324 5150 oxomense
338 5089 498 5164 deiunctae,
515 5109 568 5162 qua
587 5108 619 5146 re
643 5101 734 5160 postea
746 5089 902 5162 gravissime
915 5093 1072 5148 turbabatur
1124 5065 1171 5123 444
1184 5054 1228 5121 4444
1246 5051 1452 5122 6444444444·
2065 5111 2071 5132 2

156 5159 263 5226 animo,
280 5161 332 5229 ita,
350 5169 503 5214 utmoeror
517 5178 592 5214 exea
606 5169 727 5222 reactus
742 5159 891 5229 plurimum
905 5155 1002 5214 iecisse
1039 5177 1071 5212 u·
1174 5154 1264 5225 Maii
1282 5150 1358 5224 Cal,
1379 5155 1437 5226 12.
1451 5153 1588 5225 Natalis
1600 5152 1739 5227 Romae
1755 5155 1815 5226 die
1828 5159 1891 5232 20,
1908 5155 2024 5252 April,

156 5235 244 5292 tetur,
264 5237 296 5282 ut
313 5247 376 5282 mox
397 5230 468 5282 diem
490 5227 607 5284 obierit..
634 5225 698 5285 vid.
712 5227 745 5282 de
759 5227 855 5280 eadem
869 5244 899 5280 re
919 5230 1000 5282 etiam
1014 5178 1073 5282 bu·
1234 5303 1235 5306 ¹
1476 5256 1485 5274 ·
1687 5257 1709 5276 ··
2038 5265 2047 5283 .

156 5293 224 5348 ueri
237 5295 313 5369 epist
325 5297 359 5350 ad
372 5295 560 5368 spaletinam,
576 5297 601 5350 d.
615 5295 659 5350 tt.
674 5299 744 5366 aug.
758 5291 835 5350 1544.
1177 5251 1284 5326 Anno
1311 5252 1425 5330 145³.
1450 5257 1507 5325 dre
1537 5255 1605 5345 28.
1620 5255 1713 5327 Man
1741 5271 1841 5349 capta
1861 5257 2116 5339 Constantino-

126 5375 169 5448 *il
188 5379 257 5438 cod.
271 5379 355 5436 Goth.
369 5381 447 5434 uobis
460 5381 596 5448 goudium
610 5383 699 5451 t'etquit
712 5379 875 5448 lecturiale.
1126 5357 1230 5450 polis·

97 5450 263 5525 Μιιητι.
278 5459 385 5530 Ocra.
399 5459 483 5526 voc.
497 5460 540 5526 V.
1262 5456 1310 5529 81
