4722 5808
190 176 268 316 ois
770 221 1209 303 umsromnun
1233 296 1235 300 ,
1261 221 1365 303 uro.
1399 225 1464 306 1x.
1519 223 1651 304 asts.
2155 233 2235 310 oso

194 425 330 498 motus,
358 407 403 478 iis
423 403 622 490 sententiis,
656 425 745 498 quae
768 403 1077 496 proponebantur,
1102 425 1189 472 con-
1239 399 1303 470 tim
1318 397 1478 498 (cum)²)
1502 401 1540 472 in
1557 395 1627 474 hoc
1641 417 1850 494 argumento
1864 406 1907 475 ad
1924 405 2089 499 pietatem
2111 407 2230 480 utilis-

195 527 370 610 gruentes.
426 510 587 602 Eamque
615 507 660 576 ad
690 531 765 576 rem
789 517 949 575 veterum
970 505 1188 575 consuetudo
1239 503 1327 572 simo
1346 499 1575 590 adhibeatur,
1598 497 1774 592 utantur,
1785 529 1998 600 magnopere
2013 533 2073 580 eos
2096 506 2230 580 adhor-

194 617 346 690 maxime
362 611 513 704 profuit,
539 609 601 702 qui
615 609 660 678 ad
676 621 836 694 cantum,
861 610 905 678 ad
919 609 1003 678 fides
1018 607 1190 696 adiunge-
1239 618 1306 680 tor.
1364 604 1465 695 Quae
1489 607 1585 682 enim
1608 605 1748 678 Musica
1777 609 1846 702 piis
1867 613 2029 682 ethonis
2051 614 2231 700 mentibus

197 724 286 793 bant
301 717 426 794 verba,
452 725 493 782 ut
513 711 620 780 simul
634 711 877 802 perferrentur
896 711 942 780 ad
962 733 1064 780 aures
1085 722 1189 802 atque
1240 707 1430 778 iucundior
1443 733 1516 780 esse
1531 723 1662 802 potest,
1684 733 1790 805 quam
1807 736 1895 805 quae
1911 738 1986 784 non
2000 715 2108 786 modo
2128 738 2230 785 aures

196 823 335 894 animos
366 811 554 886 hominum
580 813 775 884 sententiae
803 813 900 882 sonis
928 811 1188 882 convenientes.
1240 811 1433 897 demulcet,
1472 814 1533 882 sed
1567 811 1673 882 simul
1706 815 1857 904 pectoris
1888 816 2013 902 fibras,
2059 831 2229 910 tauquam

196 925 293 996 Haec
307 918 495 990 harmonia
510 916 577 986 ciet
591 918 752 985 ardentes
766 927 884 985 motus
904 915 944 983 in
960 915 1098 986 animis.
1139 912 1190 984 Ut
1240 907 1407 999 chordas,
1431 914 1544 1004 tangit
1565 927 1599 984 et
1621 917 1748 984 modus
1772 915 1841 986 ciet
1866 917 2009 988 divinos
2030 919 2070 988 in
2091 919 2231 1004 animis,

197 1028 307 1120 igitur
321 1014 575 1094 ceteraChristi
586 1019 690 1102 dicta,
716 1019 818 1102 facta,
846 1030 908 1088 eut
922 1017 1090 1086 beneficia
1106 1039 1190 1084 can·
1240 1039 1280 1084 ac
1303 1015 1438 1086 m'entes
1459 1019 1503 1084 ad
1523 1015 1738 1106 agnitionem
1755 1013 1824 1086 Dei
1846 1020 1962 1110 rapit?
2011 1018 2229 1114 Hirpraeci-

196 1145 238 1201 tu
269 1126 445 1197 celebrare
475 1123 640 1213 prodest,
674 1121 724 1190 ita
754 1119 904 1212 maxime
929 1121 971 1188 ad
1005 1114 1189 1188 historiam
1241 1141 1331 1206 puus
1347 1117 1449 1188 initio
1465 1119 1532 1188 fuit
1547 1117 1704 1188 Musicae
1720 1143 1816 1192 usus.
1839 1115 1896 1188 Ad
1913 1116 2010 1192 hunc
2026 1123 2131 1191 finem
2148 1147 2229 1194 cum

197 1229 324 1302 mortis
348 1226 423 1296 eius
444 1219 646 1294 adhibenda
669 1235 721 1290 est
737 1219 884 1293 Musica.
938 1219 1095 1289 Maxime
1112 1221 1189 1288 lau·
1241 1219 1412 1289 divinitus
1429 1221 1555 1292 tradita
1568 1221 1631 1304 sit,
1657 1235 1707 1292 est
1726 1221 1804 1312 piae
1819 1223 1967 1308 mentis,
1983 1224 2136 1294 libenter
2152 1249 2229 1294 eam

199 1337 304 1407 datur
326 1331 364 1398 in
382 1323 537 1397 Ecclesia
560 1324 724 1414 cogitatio
749 1324 793 1392 de
819 1335 932 1393 morte
947 1317 1099 1392 Christi:
1126 1345 1190 1390 nec
1241 1316 1308 1389 hoc
1330 1325 1437 1391 modo
1459 1324 1665 1407 transferre,
1690 1336 1732 1394 ut
1753 1336 1920 1393 cantuum
1946 1321 2152 1395 harmoniae
2173 1349 2231 1395 re-

199 1459 283 1506 vero
303 1431 428 1504 utilius
444 1428 637 1522 quidquam
655 1427 763 1496 estad
782 1427 998 1494 excitandam
1014 1426 1191 1517 pietatem,
1241 1425 1412 1514 spondeat
1433 1425 1493 1494 illa
1510 1425 1592 1494 viva
1615 1425 1653 1492 in
1676 1425 1804 1493 animis
1823 1421 2009 1496 harmonia
2034 1441 2069 1498 et
2089 1429 2232 1518 piorum

199 1561 307 1634 quam
336 1533 434 1603 illins
465 1529 668 1600 admirandi
696 1527 812 1617 operis
841 1527 1087 1599 consideratio.
1146 1523 1189 1594 ln
1241 1526 1440 1596 adfectuum
1472 1527 1702 1601 concinnitas.
1772 1523 1870 1598 Bene
1899 1529 1995 1614 vale,
2029 1524 2232 1601 Christiane

198 1637 267 1712 hac
298 1635 453 1725 imagine
476 1631 654 1702 cernimus
680 1629 856 1698 infinitam
886 1652 959 1697 esse
988 1627 1191 1698 misericor·
1225 1628 1361 1700 lector.

199 1737 379 1815 diam'Dei
401 1757 482 1824 erga
507 1756 590 1813 nos,
617 1733 770 1823 eoquod
793 1731 905 1800 filium
923 1755 988 1822 pro
1011 1731 1115 1808 nobis
1135 1730 1190 1798 vi-

201 1845 344 1916 ctimam
359 1838 436 1908 fieri
451 1835 576 1907 voluit.
627 1832 794 1902 Testatur
810 1846 845 1902 et
861 1833 971 1918 illud,
998 1857 1079 1901 vere
1098 1855 1134 1900 se
1158 1845 1192 1900 et
1248 1869 2221 1884 mmm-mm—

200 1941 424 2018 horribiliter
446 1937 550 2007 irasci
574 1950 733 2027 peccato,
758 1959 837 2004 cum
859 1959 933 2004 nou
956 1936 1022 2002 alia
1038 1934 1191 2018 victima,

200 2073 276 2120 non
299 2043 378 2115 aliis
400 2039 526 2126 officiis
550 2037 682 2129 placari
704 2037 877 2120 voluerit,
905 2037 973 2105 nisi
988 2036 1053 2104 filii
1067 2049 1191 2108 morte.
1242 2027 1309 2100 No.
1324 2021 1438 2104 5348.
1468 2083 1469 2091 .

201 2151 327 2244 ltaque
355 2145 400 2214 ad
429 2141 666 2230 castigandam
700 2139 921 2209 securitatem
947 2138 985 2206 in
1012 2139 1192 2208 mentibus
1253 2125 1422 2154 Μ
2057 2115 2229 2156 “²'‘

199 2251 390 2326 hominum
405 2241 492 2314 haec
507 2241 581 2334 ipsa
598 2236 745 2310 historia
761 2240 997 2310 efficacissima
1014 2253 1076 2310 est.
1119 2237 1193 2309 Cu·
1589 2211 1887 2324 (inscriptio.)

201 2359 258 2427 ills
274 2365 326 2424 982
339 2347 433 2419 essim
449 2359 518 2416 iam
532 2345 666 2412 ferreus
679 2341 834 2426 ‘inimus’
855 2355 895 2412 Ui
911 2366 985 2411 non
1000 2355 1194 2426 movefliffl's
1312 2372 1406 2427 Bibliis
1418 2371 1527 2429 Lutheri
1540 2374 1702 2444 germanicis
1718 2374 1806 2442 (bord
1819 2377 1895 2438 Doni
1910 2375 1993 2444 fulli,
2012 2374 2139 2431 stillent.
2156 2373 2234 2426 ΜΗ.

201 2459 234 2530 si
248 2456 367 2524 videat
386 2463 458 2520 tam
478 2441 674 2515 horrendas
698 2465 828 2536 poenas
842 2443 933 2512 solvi
950 2468 1015 2535 pro
1034 2457 1193 2535 pcccato;
1342 2441 1419 2563 {gl-b,
1432 2461 1501 2512 (ιω
1515 2451 1577 2495 ⁸⁰⁰¹
1596 2442 1625 2495 in
1639 2443 1958 2526 bibliotheqavraostav.
1973 2444 2118 2563 inscripta&
2135 2441 2206 2494 edita
2216 2457 2235 2522 .¹.

202 2561 234 2634 a
248 2556 391 2647 ...aa
414 2549 530 2621 neum
546 2549 633 2617 a..
817 2559 1016 2638 peceatum,
1041 2545 1194 2615 ...aa
1346 2509 2243 2650 ..clamantiatumulastallus.lasa

201 2659 363 2741 vitiima,
392 2651 463 2721 nisi
485 2649 655 2738 sanguine
681 2647 747 2716 filii
769 2646 991 2718 reconciliari
1016 2647 1195 2740 poluerit?
1345 2649 1475 2772 &aegipto
1493 2666 1580 2702 nonos
1598 2649 1730 2731 suscepti,
1756 2647 1799 2717 pie
1818 2647 2176 2720 celebranti-gratulator
2198 2645 2237 2702 D.

202 2761 342 2838 Deinde
365 2751 644 2824 innumerabiles
664 2749 834 2818 utilitates
855 2749 942 2818 alias
962 2751 1076 2818 adfert
1096 2748 1194 2838 cogi·
1385 2737 1408 2776 e.
1423 2717 1612 2772 ⁵⁰¹¹⁰⁸⁰¹¹⁰f¹¹·
1628 2717 1735 2773 Vf²¹¹¹¹·
1753 2717 1830 2774 ¹⁸³⁸·
1847 2721 1872 2774 4
1890 2737 1918 2794 Ρ·
1930 2719 1978 2787 ⁷·l·

107 2942 108 2952 ,
204 2866 291 2942 tatio
319 2857 427 2930 huius
455 2851 637 2926 historiae.
696 2849 795 2940 Quid
823 2851 933 2938 magis
958 2851 1131 2921 mirantur
1155 2875 1194 2920 ac
1611 2871 1864 2974 (Inscriptio)

203 2972 362 3042 fremunt
387 2957 549 3029 omnium
574 2949 760 3024 hominum
785 2951 902 3023 intimi
924 2977 1062 3038 sensus,
1088 2975 1195 3046 quam

205 3059 270 3168 qui
289 3069 369 3151 hat,
394 3075 434 3131 ut
450 3055 536 3128 haec
560 3055 747 3126 imbecillis
762 3069 888 3126 natura
903 3049 1092 3124 hominum
1116 3069 1196 3124 tan·
1345 3028 1492 3094 Mmhffli
1510 3035 1586 3098 ΠΛ

204 3172 251 3247 tis
280 3162 537 3241 calamitatibus
562 3170 706 3229 onerata
732 3157 803 3226 sit?
858 3155 931 3226 Nec
952 3151 1196 3248 Philosophia,
1281 3138 1479 3210 ffi'⁶‘⁸²fi¹¹'¹¹⁸
1491 3138 1697 3191 memineras
1716 3138 1919 3207 condelector,
1937 3135 2027 3203 pawn
2040 3137 2149 3192 motae.

206 3301 251 3346 ne
273 3271 348 3344 ulla
371 3263 541 3355 sapientia
556 3260 717 3330 invenire
732 3281 888 3328 caussam
903 3272 1032 3348 potest:
1059 3282 1142 3328 casu
1163 3271 1197 3327 et
1246 3243 1400 3333 Utinam
1417 3263 1569 3353 cogitare
1587 3277 1721 3333 mentes
1734 3275 1875 3332 nostrae
1889 3274 2048 3352 possent,
2064 3276 2241 3355 quantum

208 3389 331 3451 contra
354 3367 517 3438 ordinem
540 3363 630 3431 ratio
652 3357 720 3430 hoc
740 3360 898 3428 accidere
923 3361 1067 3433 iudicat.
1101 3357 1198 3442 ,Sed
1248 3365 1317 3436 Dei
1339 3367 1549 3435 beneficium
1573 3365 1637 3450 si„
1667 3365 1764 3458 quod
1789 3362 1903 3433 voluit
1924 3364 2081 3432 secutis
2103 3365 2242 3437 etmu-

207 3483 247 3556 in
268 3473 335 3546 hac
357 3467 511 3558 imagine
531 3459 668 3535 Christi
696 3461 928 3550 intelligimus
952 3485 1126 3542 caussam,
1160 3484 1199 3528 ac
1249 3470 1380 3540 suibus
1409 3465 1619 3537 [estimoniis
1648 3467 1841 3557 patefacere
1870 3464 1990 3555 generi
2016 3459 2174 3537 humano
2204 3481 2242 3538 et

208 3581 370 3654 videmus
389 3593 462 3642 ¹¹⁰⁰
484 3582 631 3650 ‘emere’
657 3587 732 3632 ⁰⁰¹¹
752 3586 850 3644 Μ’
877 3585 986 3652 genus
1002 3556 1198 3634 humanum
1250 3571 1398 3642 reddere
1413 3569 1518 3639 nobis
1530 3569 1639 3638 vitam
1655 3581 1831 3638 aeternam
1841 3579 1986 3657 propter
1997 3567 2109 3636 filium
2124 3591 2244 3654 suum,

210 3679 318 3755 tantis
342 3670 522 3744 aerumnis
544 3666 738 3738 obnoxium
760 3688 842 3736 esse.
895 3661 1045 3734 Etcum
1072 3665 1109 3734 in
1134 3659 1200 3732 hac
1250 3673 1446 3744 Dominum
1462 3683 1622 3741 nomm
1640 3663 2243 3762 lesumChrismmcmcffixumpm

120 3773 126 3780 .
209 3779 361 3858 historie
382 3769 612 3862 contemplati
636 3768 807 3838 fuerimus
830 3765 1006 3856 ingentem
1028 3767 1116 3836 iram
1133 3764 1202 3835 Dei
1252 3775 1356 3845 nohis
1372 3789 1405 3846 01
1420 3773 1676 3844 resuscitatum·
1726 3767 1823 3840 ΗΜ
1846 3761 1983 3862 certe*)
2009 3770 2155 3859 cogitari
2177 3796 2244 3842 ne.

212 3889 381 3960 edversus
400 3885 599 3968 peccatum,
631 3868 907 3938 misericordiam
933 3865 1002 3938 Dei
1023 3891 1103 3958 erga
1126 3871 1202 3952 tros,
1253 3901 1345 3948 cesse
1362 3890 1424 3947 est,
1477 3870 1524 3944 Et
1540 3873 1578 3941 in
1596 3866 1662 3941 hac
1676 3871 1876 3960 cognitione
1900 3871 2014 3940 lucem
2030 3896 2149 3941 veram
2168 3874 2246 3966 spi-

212 4013 302 4086 quos
318 3979 406 4053 Filii
422 3989 536 4046 morte
554 3975 709 4064 placatus
725 3969 853 4040 liberat
866 3969 910 4038 ab
928 3972 1078 4040 aeternis
1089 3969 1204 4054 malis,
1253 3981 1325 4050 rim
1348 3990 1468 4048 ,ampo
1494 3976 1534 4044 5„
1554 3974 1659 4044 nohis
1681 3969 1778 4042 Deus
1801 3971 1970 4044 accendit,
2020 3969 2167 4044 Necesse
2191 3992 2246 4048 m

213 4105 290 4164 tum
314 4075 615 4156 considerabimus
637 4096 795 4143 caussam
819 4071 1054 4142 calamitatum
1076 4066 1205 4141 huma·
1254 4095 1371 4151 autem
1397 4075 1465 4148 hoc
1493 4078 1610 4169 ipsum
1634 4075 1783 4145 verbum
1803 4074 1969 4158 retineri,
1993 4073 2032 4142 in
2054 4101 2126 4168 quo
2147 4075 2246 4148 Deus

215 4211 356 4266 narum.
406 4179 545 4252 Deinde
562 4175 853 4246 multavirtutum
873 4173 1030 4266 exempla
1046 4169 1104 4242 hic
1121 4197 1206 4264 pro·
1254 4207 1291 4252 ,e
1314 4181 1499 4275 patefecit„
1516 4192 1550 4249 et
1575 4179 1614 4246 in
1631 4201 1702 4270 quo
1724 4175 1819 4246 filius
1834 4173 1903 4246 Dei
1925 4175 2029 4244 nohis
2054 4179 2245 4249 conciona-

214 4301 418 4390 p⁰⁰⁰⁰iur’
442 4278 692 4376 ‘meridiam
709 4277 856 4366 ¹⁰¹¹g⁰¹¹¹
872 4289 933 4350 ⁰⁵²·
975 4273 1095 4364 Quare
1111 4273 1206 4366 ⁰Pii·
1254 4299 1332 4367 tur,
1359 4285 1450 4356 sicut
1470 4277 1530 4351 hic
1552 4281 1680 4351 clamat
1700 4291 1862 4348 aeternus
1884 4289 1999 4369 poter:
2038 4275 2158 4370 Ipsum
2180 4278 2249 4352 au-'

169 4391 173 4398 ⁴
215 4421 274 4471 mo
297 4386 447 4462 consilio
469 4383 507 4452 in
529 4380 671 4450 ecclesia
693 4379 893 4449 institutum
911 4389 978 4463 est,
1003 4391 1093 4448 utet
1109 4377 1206 4446 statis
1256 4389 1341 4462 dite·

216 4491 436 4588 temporibus
467 4485 602 4573 integra
630 4475 778 4551 historia
805 4478 947 4572 publice
983 4479 1136 4569 legatur,
1174 4491 1207 4548 et
1758 4475 2194 4573 Philippustttelamhffl,

218 4601 305 4674 alias
329 4591 452 4662 crebro
475 4598 662 4676 repetatur.
715 4581 754 4650 ld
781 4582 979 4672 exemplum
1001 4580 1134 4652 imitari
1155 4579 1208 4670 pii
1882 4576 1991 4654 1545·

219 4718 343 4776 omnes
356 4693 396 4763 in
412 4685 610 4762 domesticis
629 4683 801 4753 exercitiis
816 4683 956 4756 dehent.
1006 4679 1076 4752 Hic
1099 4681 1209 4770 igitur

220 4802 332 4878 edidit
347 4793 419 4864 'vir
450 4791 605 4883 optimus
629 4778 812 4878 Georgius
836 4776 957 4856 Rham
982 4781 1209 4868 Harmonias‚

220 4900 353 4979 iudicio
378 4895 547 4975 delectas,
581 4901 622 4959 ut
650 4889 831 4958 interdum
854 4899 976 4956 cantus
1000 4881 1210 4956 adhibeatur
1292 4873 1321 4940 Ξ)
1338 4891 1403 4926 eum
1420 4871 1465 4928 hie
1482 4867 1586 4928 etsta

221 5011 268 5088 ad
287 4997 488 5078 excitandos
509 4990 658 5064 animos.
708 4987 777 5060 His
796 5002 837 5060 ut
858 4989 1027 5075 studiosi,
1052 5011 1211 5082 praeser-
1291 4957 1322 5027 *l
1341 4959 1433 5014 recrea

1260 4769 1481 4784 m

1515 5193 1633 5201 ...ι-..ι--ι-
