4654 5804
12 4 47 11 *—
120 3 254 5 ——r
268 3 273 5 .

79 243 151 324 διό
653 237 1088 320 EPISTOLARUM
1138 239 1247 314 LlB.
1277 238 1341 314 lx.
1392 235 1525 314 1645.
2047 253 2122 334 626

176 417 247 492 Sed
262 415 329 492 hac
346 420 391 490 de
411 443 449 490 re
468 443 566 492 nunc
582 419 823 490 controversia
847 431 919 502 cst,
943 415 1075 510 quibus
1126 413 1166 482 in
1184 413 1328 484 familiis
1345 414 1567 508 equestribus
1588 410 1774 494 honestiss.
1797 421 1983 517 reliquisse
2004 439 2120 528 ampla

80 522 239 616 personis
253 523 519 594 concedendum
541 523 590 592 sit
607 521 837 613 coniugium?
862 519 965 593 Sitne
987 541 1074 588 con·
1125 517 1320 588 sacerdotia
1336 517 1568 607 collegiorum
1581 543 1820 610 summorum,
1846 523 2027 620 impurum
2042 547 2122 610 coe:

82 627 276 696 cedendum
298 623 513 720 presbyteris
535 637 570 695 et
585 625 658 695 illis
678 624 859 717 personis,
885 646 976 717 qnae
996 623 1075 692 fue-
1125 619 1276 691 libatum
1290 619 1476 712 fugientes.
1526 616 1575 692 Et
1590 621 1683 696 liunt
1697 623 1828 696 similia
1844 652 1864 698 a
1879 632 2001 704 multis
2018 662 2119 730 prae.

81 742 161 800 runt
182 727 359 818 obligatae
381 727 474 798 votis
496 727 725 798 monasticis?
750 726 820 798 Hic
836 725 988 796 dicimus
1010 746 1075 792 ne-
1125 722 1300 793 stantibus
1323 721 1476 812 ingeniis
1500 722 1540 792 in
1561 724 1683 817 plebe,
1709 752 1800 822 quae
1828 753 1958 822 magno
1981 742 2063 810 usui
2086 760 2119 818 ec

83 830 265 902 cessariam
279 853 354 900 esse
368 843 504 922 partem
519 831 800 915 reformationis,
824 828 949 899 tollere
964 825 1072 918 impia
1124 838 1334 924 ornamento
1350 821 1530 896 Ecclesiae
1546 849 1620 896 esse
1635 843 1810 921 poterant.
1843 831 2026 912 Postremo
2043 851 2119 918 val-

82 934 240 1018 vincula,
265 956 356 1026 quac
381 927 576 1025 prohibent
596 932 813 1022 coniugium.
866 927 1073 1002 Conceden-
1125 929 1169 996 de
1184 927 1378 998 dolendum
1395 941 1465 1012 est,
1488 951 1645 1000 summos
1660 932 1912 1020 gubernatores
1928 943 2035 1014 malle
2053 943 2118 1020 ha-

82 1037 163 1106 dum
188 1049 240 1106 est
266 1035 472 1126 coniugium
494 1034 708 1130 presbyteris
729 1049 765 1106 et
784 1033 958 1126 personis,
983 1054 1073 1124 quae
1123 1030 1208 1100 bere
1225 1053 1352 1119 magna
1369 1030 1510 1118 agmina
1523 1032 1699 1103 coelibum
1714 1039 1947 1128 sacerdotum,
1972 1044 2117 1138 levium,

81 1139 224 1208 fuerunt
238 1137 412 1227 obligatae
430 1137 523 1208 votis
537 1137 757 1220 monasticis,
782 1150 816 1208 et
831 1135 1005 1206 abolenda
1023 1144 1074 1202 est
1123 1131 1370 1217 indoctorum,
1409 1133 1630 1224 pollutorum
1661 1137 1769 1207 variis
1797 1141 1979 1220 libidinib.
2009 1175 2115 1243 quam

83 1235 277 1332 prohibitio
296 1239 466 1330 coniugii,
491 1264 583 1334 quae
599 1254 634 1310 et
648 1263 769 1309 caussa
786 1239 855 1309 fuit
871 1235 1072 1326 ingentium
1124 1236 1322 1305 sacerdotes
1344 1234 1490 1304 maritos
1506 1231 1692 1324 honestos,
1716 1236 1834 1312 Deum
1856 1243 2035 1338 timentes,
2059 1281 2117 1327 ca.

83 1355 315 1434 peccatorum,
329 1340 796 1414 etinnumerabilesanimas
811 1337 1075 1432 inEpicuraeos
1125 1350 1207 1423 stos,
1230 1338 1325 1407 bona
1340 1338 1555 1409 conscientia
1569 1335 1686 1410 Deum
1702 1341 1927 1434 invocantes,
1948 1357 2117 1436 eruditos.

82 1445 236 1528 furores,
269 1444 308 1512 in
331 1445 615 1535 desperationem
651 1457 686 1514 et
715 1457 898 1514 aeternum
927 1441 1075 1511 exitium
1227 1437 1329 1538 Quae
1345 1463 1428 1510 vero
1445 1453 1624 1532 practerea
1641 1447 1837 1518 necessaria
1858 1465 1942 1523 sunt
1966 1460 2011 1527 ad
2032 1464 2118 1533 reti-

84 1545 242 1638 impulit,
273 1544 364 1614 sicut
389 1543 523 1616 Paulus
548 1542 641 1617 banc
670 1541 949 1637 prohibitionem
973 1554 1075 1613 vocat
1124 1543 1279 1612 nendam
1297 1541 1455 1632 coniugii
1477 1537 1716 1628 honestatem,
1743 1555 2038 1631 commendentur
2060 1565 2117 1636 iu-

84 1649 278 1718 doctrinam
293 1647 578 1721 daemoniorum.
629 1647 722 1719 Sunt
733 1647 777 1717 in
799 1661 989 1739 conspectu
1008 1646 1075 1714 fla-
1125 1640 1514 1726 diciisEcclesiasticis,
1538 1647 1604 1717 ubi
1626 1647 1689 1718 illa
1711 1663 1803 1722 recte
1819 1658 2007 1732 constituta
2025 1681 2117 1748 sunt,

83 1750 163 1840 gitia
177 1763 213 1820 et
222 1749 351 1818 damna
365 1750 410 1818 ab
419 1750 482 1820 illa
495 1745 741 1841 prohibitione
756 1763 844 1835 orta,
861 1763 957 1820 totus
971 1750 1075 1818 luxus
1106 1759 1159 1818 ‘et
1173 1759 1265 1817 recte
1281 1746 1553 1822 constituentur.

84 1853 320 1940 sacerdotum,
343 1873 451 1941 vagae
480 1852 666 1938 libidines,
691 1849 890 1945 Epicuraca
916 1850 1075 1943 profani·
1223 1847 1404 1920 Hactenus
1420 1849 1554 1920 dictum
1572 1865 1623 1922 est
1638 1855 1682 1922 de
1697 1855 1859 1930 doctrina
1875 1855 2064 1952 Ecclesiae,
2086 1886 2119 1942 ct

85 1967 151 2038 tas,
173 1953 456 2044 desperationes,
481 1967 665 2024 aeternum
694 1955 841 2026 exitium
863 1954 1075 2032 animarum,
1126 1952 1171 2021 de
1185 1949 1443 2036 sacramentis,
1469 1976 1556 2046 quas
1569 1977 1626 2024 res
1641 1955 1798 2048 primum
1815 1975 1849 2031 et
1872 1969 2058 2060 praecipue
2083 1975 2120 2043 in

85 2056 241 2146 publicae
256 2077 404 2146 poenae,
424 2081 514 2150 quae
531 2057 701 2127 libidines
715 2058 946 2128 comitantur:
974 2053 1076 2144 Quo·
1124 2049 1303 2124 Ecclesiae
1319 2055 1576 2144 gubernatione
1592 2058 1801 2130 constitutas
1815 2086 1907 2151 esse,
1932 2078 2119 2164 propagari

85 2181 160 2228 rum
180 2158 359 2228 malorum
379 2182 504 2228 omnes
526 2160 579 2230 rei
598 2173 700 2244 sunt,
727 2161 790 2252 qui
807 2159 912 2230 initio
935 2171 1076 2229 autores
1127 2170 1161 2227 et
1186 2157 1388 2228 conservari
1415 2170 1565 2250 oportet.
1623 2156 1786 2256 Cumque
1809 2167 1902 2236 nulli
1929 2188 2120 2263 creaturae,

86 2259 199 2350 legum
214 2261 259 2330 de
276 2260 470 2342 coelibatu,
496 2275 532 2332 et
552 2263 839 2354 comprobatores
852 2263 1017 2346 fuerunt,
1043 2273 1077 2329 et
1126 2259 1236 2329 nullis
1258 2259 1392 2350 angelis
1414 2274 1596 2330 aeternum
1626 2275 1659 2332 et
1688 2263 1911 2339 immutabile
1937 2275 2118 2348 decretum

86 2385 177 2432 nunc
198 2362 253 2433 rei
275 2375 359 2433 sunt
380 2364 620 2456 praesentium
643 2379 678 2435 et
693 2365 898 2436 futurorum
916 2376 1078 2455 peccato-
1127 2362 1321 2432 voluntatis
1346 2362 1508 2450 divinae,
1534 2387 1640 2456 quam
1666 2364 1706 2434 in
1729 2363 1925 2460 Evangelio
1950 2381 2122 2467 patefecit,

87 2487 179 2552 rum,
204 2463 270 2558 qui
285 2489 343 2535 eas
359 2463 452 2556 leges
469 2465 542 2536 iam
559 2480 718 2541 tuentur,
1127 2488 1168 2534 ac
1179 2463 1219 2533 in
1235 2464 1396 2535 doctrina
1412 2479 1446 2536 et
1468 2466 1507 2534 in
1523 2463 1762 2540 Sacramentis
1777 2477 1962 2564 proposuit
1983 2498 2121 2554 mutare

179 2561 235 2637 Ae
250 2569 408 2658 profecto
423 2567 522 2648 triste
537 2570 777 2662 spectaculum
791 2581 854 2654 est,
880 2570 977 2664 quod
991 2562 1078 2637 haec
1127 2566 1250 2652 liceat,
1276 2589 1456 2638 servemus
1478 2567 1516 2637 id
1537 2591 1603 2636 nos
1629 2595 1771 2665 quoque
1796 2574 1984 2650 immotum
2006 2599 2041 2656 et
2064 2586 2121 2655 in.

88 2665 192 2760 impia
213 2669 272 2740 lex
294 2671 498 2740 defenditur
529 2671 730 2761 parricidiis
757 2671 900 2764 piorum
929 2684 964 2740 et
987 2671 1078 2740 bene
1128 2683 1346 2760 corruptum,
1366 2693 1431 2739 nec
1447 2693 1488 2740 ex
1503 2665 1659 2742 humana
1675 2675 1848 2766 sapientia
1871 2680 2007 2774 aliquid
2035 2713 2121 2758 cou-

87 2770 291 2843 meritorum
324 2773 564 2856 sacerdotum,
595 2775 686 2844 sicut
718 2772 899 2844 nominari
931 2785 1079 2863 possunt
1127 2783 1181 2840 tra
1203 2767 1460 2861 Evangelium‚
1485 2786 1547 2843 aut
1569 2773 1703 2846 incerta
1724 2779 1866 2869 praeter
1886 2777 2122 2878 Evangelium

87 2873 187 2943 multi
203 2868 358 2960 honesti,
375 2873 440 2965 pii,
462 2887 496 2944 et
513 2874 609 2944 docti
624 2877 830 2960 sacerdotes,
856 2875 918 2969 qui
935 2888 1079 2967 propter
1128 2885 1333 2946 statuamus.

88 2975 310 3066 coniugium,
346 2999 422 3045 non
449 2991 594 3068 propter
619 2978 705 3046 alias
735 3001 874 3048 caussas
903 2977 1079 3048 interfecti
1221 2972 1395 3044 Diabolus
1410 2975 1549 3068 primus
1565 2991 1668 3048 autor
1682 2983 1888 3055 tentationis
1903 2987 1942 3056 in
1959 2996 2121 3080 paradiso

88 3091 175 3146 sunt.
227 3073 400 3150 Ostendit
419 3091 537 3148 autem
552 3093 586 3149 et
603 3074 688 3150 haec
709 3080 784 3171 ipsa
809 3080 953 3150 saevitia
976 3093 1079 3150 auto·
1128 3077 1176 3146 ita
1192 3076 1331 3170 decepit
1351 3076 1487 3168 primos
1504 3093 1684 3168 parentes,
1707 3097 1826 3174 postea
1850 3082 2043 3164 horribiles
2065 3099 2123 3168 fu-

88 3200 157 3247 rem
173 3179 262 3270 legis
282 3181 326 3250 de
343 3180 520 3252 coelibatu
536 3182 719 3252 diabolum
738 3205 829 3266 esse,
857 3181 920 3274 qui
937 3207 1017 3252 cum
1034 3183 1080 3252 sit
1128 3203 1226 3250 rores
1253 3179 1414 3250 accendit
1441 3180 1480 3248 in
1500 3175 1684 3269 Ethnicis,
1710 3186 1848 3279 decepit
1867 3187 2063 3284 lsrae‘litas,
2089 3215 2123 3270 et

88 3271 282 3366 homicida,
307 3282 425 3378 munit
440 3295 474 3353 et
488 3284 647 3354 defendit
665 3284 834 3356 iniustam
852 3285 965 3375 legem
982 3298 1079 3356 tanta
1129 3282 1302 3374 populum
1319 3277 1497 3352 Ecclesiae
1513 3295 1592 3375 post
1607 3279 1818 3378 Apostolos,
1843 3305 1884 3364 ut
1901 3319 1982 3366 cum
2000 3323 2018 3367 e
2036 3325 2122 3372 con-

90 3384 304 3454 crudelitate.
1129 3397 1251 3476 spectu
1279 3385 1469 3454 amovisset
1498 3386 1548 3456 eis
1577 3388 1726 3458 verbum
1756 3387 1844 3480 Dei,
1877 3409 1912 3467 et
1927 3399 2124 3476 ‘offudisset

185 3482 381 3556 Germania
406 3481 512 3556 habet
543 3487 614 3556 iam
645 3487 798 3580 amplius
825 3513 932 3582 quam
961 3492 1080 3560 decem
1130 3487 1216 3556 alias
1230 3487 1507 3590 speculationes,
1528 3491 1639 3560 secuti
1655 3506 1739 3562 sunt
1760 3496 1850 3564 varii
1869 3521 2016 3578 errores.
2071 3505 2121 3576 lta

91 3585 198 3657 millia
220 3589 443 3658 sacerdotum
459 3589 689 3673 maritorum,
715 3590 776 3682 qni
796 3585 930 3662 habent
942 3605 997 3662 tot
1013 3588 1080 3662 ho·
1129 3585 1635 3681 sapientissimiEthnicornm,
1651 3589 1829 3688 Aegyptii,
1852 3595 2033 3685 Chaldaei,
2051 3605 2123 3703 'Sy-

90 3703 199 3760 nestas
223 3691 390 3780 coniuges
411 3704 446 3761 et
472 3691 587 3760 multo
609 3691 728 3781 plures
749 3692 897 3764 liberos.
947 3691 990 3762 ln
1013 3689 1081 3764 hoc
1128 3691 1233 3774 riaci,
1258 3689 1403 3774 Graeci,
1428 3689 1604 3778 Romani,
1627 3696 1795 3767 audacter
1812 3700 1994 3776 finxerunt
2015 3708 2122 3796 idola,

91 3801 183 3861 tanto
204 3816 356 3862 numero
380 3791 485 3862 multi
507 3805 610 3876 sunt,
644 3792 707 3886 qui
727 3791 843 3894 Deum
860 3808 953 3864 recte
976 3795 1081 3865 invo-
1129 3807 1164 3864 ct
1178 3793 1294 3862 cultus
1310 3795 1590 3864 accommodatos
1605 3798 1648 3866 ad
1669 3821 1731 3868 sua
1747 3798 1908 3894 imperia,
1927 3821 1962 3878 et
1978 3793 2042 3880 hos
2060 3837 2123 3881 vo-

92 3906 184 3978 cant,
210 3907 305 3964 recte
326 3895 485 3965 serviunt
500 3894 540 3962 in
558 3895 776 3982 ministerio,
803 3911 887 3968 sunt
909 3897 1007 3968 electi
1024 3900 1078 3969 ‘ad
1129 3896 1274 3965 luerunt
1289 3917 1435 3964 suorum
1454 3895 1686 3988 imperiorum
1702 3926 1830 3973 nervos
1845 3930 1927 3977 esse.

93 4007 266 4066 aeternam
290 3995 458 4082 salutem,
493 4011 526 4068 et
549 3998 709 4068 mansuri
732 4010 816 4068 sunt
838 3999 877 4068 in
899 4012 1079 4070 aeternum
1230 3995 1289 4066 Sic
1308 4020 1383 4066 non
1410 3997 1511 4066 ludat
1531 3994 1690 4070 Ecclesia
1710 3999 1797 4090 Dei,
1822 4031 1896 4076 non
1916 4023 2123 4106 attemperet

93 4100 248 4168 membra
269 4093 414 4170 Christi.
465 4095 509 4168 ln
536 4099 622 4168 tales
644 4113 762 4170 autem
782 4101 964 4172 saevitiam
982 4126 1081 4172 exer·
1130 4098 1328 4168 doctrinam
1344 4112 1378 4169 et
1390 4099 1505 4168 cultus
1521 4103 1566 4170 ad
1579 4105 1865 4177 commoditatem
1880 4111 2123 4206 imperiorum,

94 4221 165 4267 cere
197 4215 260 4271 aut
294 4224 390 4270 arma
420 4199 610 4290 stringere,
649 4196 868 4272 horrendum
900 4218 1082 4295 peccatum
1131 4201 1193 4270 sed
1215 4199 1363 4272 retineat
1385 4201 1574 4291 puritatem
1593 4205 1693 4275 verbi
1709 4203 1776 4277 Dei
1794 4224 1950 4284 etunam
1973 4244 2124 4290 consen-

94 4314 188 4376 essct.
238 4300 377 4372 Deinde
393 4316 427 4372 et
441 4303 584 4395 publica
600 4299 778 4374 Ecclesiae
793 4307 980 4376 necessitas
995 4333 1082 4376 con·
1131 4305 1279 4373 tientem
1293 4315 1329 4372 et
1342 4317 1546 4394 perpetuam
1561 4307 1761 4380 doctrinam
1779 4315 1943 4386 traditam
1956 4343 2019 4411 per
2033 4321 2123 4394 Pro-

95 4400 278 4474 sideranda
297 4417 358 4478 est.
385 4403 463 4474 Nisi
479 4407 575 4475 enim
591 4407 783 4494 abrogatur
796 4408 853 4477 lex
864 4403 917 4502 ³⁹),
931 4409 1083 4480 deerunt
1132 4401 1256 4498 phetas
1279 4419 1314 4476 et
1333 4399 1541 4497 Apostolos:
1567 4409 1657 4479 sicut
1677 4407 1794 4486 Galat.
1811 4414 1843 4488 1.
1867 4420 2123 4512 scriptumest:

96 4496 257 4576 Ecclesiis
274 4519 432 4598 pastores
449 4521 484 4577 et
496 4508 782 4594 concionatores,
807 4511 890 4604 quia
906 4534 1002 4580 nunc
1015 4505 1083 4582 ho·
1132 4503 1181 4578 Si
1200 4503 1358 4600 angelus
1371 4501 1462 4576 -Dei
1481 4503 1524 4576 de
1548 4506 1645 4580 coelo
1665 4507 1781 4582 aliud
1791 4511 2043 4614 Evangelinm
2060 4524 2126 4598 do-

97 4605 203 4678 mines
223 4603 386 4695 honesti,
412 4609 577 4680 timentes
591 4607 726 4695 Deum,
753 4624 787 4681 et
807 4607 1083 4684 abhorrentesa
1135 4607 1243 4690 cebir,
1286 4617 1438 4706 praeterx
1464 4605 1509 4678 id
1537 4607 1641 4710 quod
1672 4607 1797 4704 docui,
1830 4617 2033 4696 anathema
2065 4629 2125 4704 sit.

97 4703 302 4782 libidinibus
327 4706 420 4788 banc
443 4711 555 4802 ipsam
577 4713 625 4782 ob
649 4703 805 4782 caussam
822 4709 1084 4786 Ecclesiasticos
1135 4708 1318 4783 Omnibus
1340 4706 1548 4784 hominibus
1570 4718 1775 4788 mandatum
1799 4736 1868 4810 est,
1892 4739 1932 4797 nt
1952 4723 2045 4801 banc
2065 4759 2127 4802 ve-

98 4813 220 4897 gradus
243 4827 362 4906 petere
383 4813 530 4897 nolunt,
556 4812 641 4906 quia
664 4815 895 4886 conscientias
916 4839 997 4888 suas
1018 4812 1086 4889 hoc
1135 4838 1212 4885 ram
1238 4813 1437 4884 doctrinam
1466 4815 1608 4886 unicam
1631 4819 1676 4888 de
1697 4818 1774 4892 Deo
1797 4838 1832 4896 et
1851 4843 2030 4902 aeternam
2054 4835 2128 4904 disss

98 4911 255 4996 vinculo,
283 4930 317 4987 et
334 4911 390 4985 his
404 4913 573 5006 pcccatis,
601 4939 690 5008 quae
708 4917 821 5007 legem
845 4921 888 4988 de
911 4921 1085 4992 coelibatu
1136 4929 1229 4996 cant,
1254 4915 1490 4988 confiteantur
1505 4931 1538 4988 et
1554 4931 1732 5008 tueantur,
1747 4925 1836 4998 sicut
1850 4943 2013 5003 aeternus
2029 4952 2129 5026 pater

99 5031 298 5107 sequuntur,
322 5039 471 5087 onerare
485 5015 626 5086 nolunt
678 5015 780 5089 Sicut
794 5034 932 5092 constat
949 5015 1087 5116 aliqu'os
1137 5019 1265 5088 clamat
1287 5018 1332 5086 de
1352 5018 1445 5088 filio:
1478 5015 1590 5090 Hunc
1610 5017 1747 5100 audite.
1799 5025 1886 5100 ltem
1912 5032 2043 5105 Matth.
2072 5045 2127 5116 10.

100 5117 332 5190 nobilissimos
346 5117 550 5210 Principes,
575 5115 753 5205 Comites,
779 5135 814 5192 et
834 5123 968 5195 multos
984 5139 1087 5196 natos
1137 5113 1218 5216 Qui
1228 5140 1284 5187 me
1301 5113 1529 5211 confitebitur
1545 5145 1667 5194 coram
1683 5118 1912 5218 hominibus,
1938 5131 2133 5230 confitebor

1139 5231 1170 5292 et
1189 5245 1254 5317 ego
1271 5244 1350 5291 eum
1366 5244 1488 5292 coram
1501 5231 1608 5321 patre
1622 5251 1700 5296 meo
1715 5227 1868 5306 coelesti.
1894 5233 1998 5308 Nunc
2012 5245 2132 5335 sequi-

1139 5338 1199 5396 tur
1221 5323 1325 5395 tertia
1341 5347 1424 5415 pars
1442 5327 1559 5418 operis
1576 5329 1620 5397 de
1643 5330 1841 5404 ministerio
1857 5333 2064 5430 Evangelii,
2093 5347 2131 5416 in

131 5443 175 5513 ts)
194 5447 257 5501 rer.
274 5451 323 5501 ιιι
337 5451 373 5502 αι
387 5447 537 5502 astutam.
1141 5452 1209 5522 qua
1231 5441 1331 5520 parte
1346 5427 1439 5498 etde
1454 5429 1615 5521 personis
1631 5455 1672 5501 ac
1687 5433 1732 5502 de
1745 5429 1930 5531 Episcopis
1946 5443 2093 5521 dicetur.

104 5521 271 5591 llrntnrn.
286 5527 389 5594 Orrn.
417 5525 502 5628 ch.
514 5527 557 5592 V.
1069 5565 1078 5576 ·
1325 5525 1377 5600 40

104 5319 315 5340 ‘’nnn-
