<?xml version="1.0" encoding="UTF-8"?>
<!DOCTYPE html PUBLIC "-//W3C//DTD XHTML 1.0 Transitional//EN"
    "http://www.w3.org/TR/xhtml1/DTD/xhtml1-transitional.dtd">
<html xmlns="http://www.w3.org/1999/xhtml" xml:lang="en" lang="en">
 <head>
  <title>
</title>
<meta http-equiv="Content-Type" content="text/html;charset=utf-8" />
  <meta name='ocr-system' content='tesseract 3.04.00' />
  <meta name='ocr-capabilities' content='ocr_page ocr_carea ocr_par ocr_line ocrx_word'/>
</head>
<body>
  <div class='ocr_page' id='page_1' title='image "./corpusreformato19melagoog/corpusreformato19melagoog_0096.png"; bbox 0 0 4704 5804; ppageno 0'>
   <div class='ocr_carea' id='block_1_1' title="bbox 109 179 2137 274">
    <p class='ocr_par' dir='ltr' id='par_1_1' title="bbox 109 179 2137 274">
     <span class='ocr_line' id='line_1_1' title="bbox 109 179 2137 274; baseline 0.006 -12"><span class='ocrx_word' id='word_1_1' title='bbox 109 185 174 262; x_wconf 80' lang='lat'>149</span> <span class='ocrx_word' id='word_1_2' title='bbox 247 187 255 206; x_wconf 62' lang='lat'><em>*</em></span> <span class='ocrx_word' id='word_1_3' title='bbox 668 179 1111 268; x_wconf 76' lang='lat' dir='ltr'>EPISTOLABUM</span> <span class='ocrx_word' id='word_1_4' title='bbox 1166 183 1276 264; x_wconf 78' lang='lat' dir='ltr'>mu.</span> <span class='ocrx_word' id='word_1_5' title='bbox 1309 181 1376 266; x_wconf 83' lang='lat' dir='ltr'>iX.</span> <span class='ocrx_word' id='word_1_6' title='bbox 1427 180 1561 268; x_wconf 72' lang='lat' dir='ltr'>idib.</span> <span class='ocrx_word' id='word_1_7' title='bbox 2061 195 2137 274; x_wconf 80' lang='lat'>160</span> 
     </span>
    </p>
   </div>
   <div class='ocr_carea' id='block_1_2' title="bbox 106 353 2133 862">
    <p class='ocr_par' dir='ltr' id='par_1_2' title="bbox 106 353 2133 782">
     <span class='ocr_line' id='line_1_2' title="bbox 108 353 2133 455; baseline -0.001 -23"><span class='ocrx_word' id='word_1_8' title='bbox 108 358 157 432; x_wconf 92' lang='lat' dir='ltr'>lbi</span> <span class='ocrx_word' id='word_1_9' title='bbox 170 384 270 454; x_wconf 87' lang='lat' dir='ltr'>saepe</span> <span class='ocrx_word' id='word_1_10' title='bbox 285 359 487 434; x_wconf 84' lang='lat' dir='ltr'>testimonia</span> <span class='ocrx_word' id='word_1_11' title='bbox 503 357 609 436; x_wconf 83' lang='lat' dir='ltr'>citata</span> <span class='ocrx_word' id='word_1_12' title='bbox 624 357 700 454; x_wconf 86' lang='lat' dir='ltr'>ipse</span> <span class='ocrx_word' id='word_1_13' title='bbox 712 357 930 455; x_wconf 75' lang='lat' dir='ltr'>requirebat,</span> <span class='ocrx_word' id='word_1_14' title='bbox 953 370 995 432; x_wconf 88' lang='lat' dir='ltr'>ut</span> <span class='ocrx_word' id='word_1_15' title='bbox 1006 359 1090 430; x_wconf 66' lang='lat' dir='ltr'>ion„</span> <span class='ocrx_word' id='word_1_16' title='bbox 1138 353 1206 436; x_wconf 90' lang='lat' dir='ltr'>Nu.</span> <span class='ocrx_word' id='word_1_17' title='bbox 1221 356 1338 436; x_wconf 71' lang='lat'><strong>2701.</strong></span> <span class='ocrx_word' id='word_1_18' title='bbox 1999 376 2060 446; x_wconf 64' lang='grc' dir='ltr'>η.</span> <span class='ocrx_word' id='word_1_19' title='bbox 2072 373 2133 445; x_wconf 62' lang='grc' dir='ltr'>ιω,</span> 
     </span>
     <span class='ocr_line' id='line_1_3' title="bbox 106 453 2133 554; baseline -0.005 -20"><span class='ocrx_word' id='word_1_20' title='bbox 106 477 152 534; x_wconf 88' lang='lat' dir='ltr'>tes</span> <span class='ocrx_word' id='word_1_21' title='bbox 166 465 415 540; x_wconf 74' lang='lat' dir='ltr'><strong>consideraret.</strong></span> <span class='ocrx_word' id='word_1_22' title='bbox 464 459 562 534; x_wconf 88' lang='lat' dir='ltr'>Haec</span> <span class='ocrx_word' id='word_1_23' title='bbox 582 483 683 554; x_wconf 82' lang='lat' dir='ltr'>saepe</span> <span class='ocrx_word' id='word_1_24' title='bbox 702 461 977 532; x_wconf 88' lang='lat' dir='ltr'>commemoravi</span> <span class='ocrx_word' id='word_1_25' title='bbox 997 460 1091 547; x_wconf 86' lang='lat' dir='ltr'>aliis,</span> <span class='ocrx_word' id='word_1_26' title='bbox 1152 453 1324 484; x_wconf 51' lang='grc' dir='ltr'><strong>Μ</strong></span> <span class='ocrx_word' id='word_1_27' title='bbox 2001 467 2133 496; x_wconf 54' lang='grc' dir='ltr'><strong>Μ</strong></span> 
     </span>
     <span class='ocr_line' id='line_1_4' title="bbox 107 541 1853 654; baseline 0.001 -20"><span class='ocrx_word' id='word_1_28' title='bbox 107 578 137 635; x_wconf 91' lang='lat' dir='ltr'>et</span> <span class='ocrx_word' id='word_1_29' title='bbox 167 561 274 637; x_wconf 91' lang='lat' dir='ltr'>hodie</span> <span class='ocrx_word' id='word_1_30' title='bbox 306 563 450 636; x_wconf 75' lang='lat' dir='ltr'>recitavi</span> <span class='ocrx_word' id='word_1_31' title='bbox 476 563 617 635; x_wconf 89' lang='lat' dir='ltr'>duobus</span> <span class='ocrx_word' id='word_1_32' title='bbox 642 561 859 654; x_wconf 82' lang='lat' dir='ltr'>gravissimis</span> <span class='ocrx_word' id='word_1_33' title='bbox 883 551 1090 634; x_wconf 83' lang='lat' dir='ltr'>Comitihus</span> <span class='ocrx_word' id='word_1_34' title='bbox 1238 647 1240 650; x_wconf 8' lang='grc' dir='ltr'><em>Α</em></span> <span class='ocrx_word' id='word_1_35' title='bbox 1331 611 1334 619; x_wconf 85' lang='lat'><em>-</em></span> <span class='ocrx_word' id='word_1_36' title='bbox 1520 541 1559 632; x_wconf 87' lang='grc' dir='ltr'>Ῑ.</span> <span class='ocrx_word' id='word_1_37' title='bbox 1588 545 1745 636; x_wconf 80' lang='lat' dir='ltr'>Manio.</span> <span class='ocrx_word' id='word_1_38' title='bbox 1848 605 1853 621; x_wconf 63' lang='grc' dir='ltr'><strong><em>ι</em></strong></span> 
     </span>
     <span class='ocr_line' id='line_1_5' title="bbox 106 659 1496 782; baseline -0.005 -44"><span class='ocrx_word' id='word_1_39' title='bbox 106 659 381 738; x_wconf 81' lang='lat' dir='ltr'>Monderscisid</span> <span class='ocrx_word' id='word_1_40' title='bbox 402 681 436 738; x_wconf 87' lang='lat' dir='ltr'>et</span> <span class='ocrx_word' id='word_1_41' title='bbox 449 659 784 762; x_wconf 81' lang='lat' dir='ltr'>Novaeoquilono,</span> <span class='ocrx_word' id='word_1_42' title='bbox 813 689 894 736; x_wconf 87' lang='lat' dir='ltr'>curn</span> <span class='ocrx_word' id='word_1_43' title='bbox 910 661 956 740; x_wconf 88' lang='lat' dir='ltr'>D.</span> <span class='ocrx_word' id='word_1_44' title='bbox 970 660 1090 736; x_wconf 85' lang='lat' dir='ltr'>Buce·</span> <span class='ocrx_word' id='word_1_45' title='bbox 1245 719 1269 778; x_wconf 57' lang='grc' dir='ltr'>ι</span> <span class='ocrx_word' id='word_1_46' title='bbox 1280 719 1334 782; x_wconf 49' lang='grc' dir='ltr'>ωδ</span> <span class='ocrx_word' id='word_1_47' title='bbox 1356 719 1395 778; x_wconf 57' lang='grc' dir='ltr'>Β.</span> <span class='ocrx_word' id='word_1_48' title='bbox 1447 721 1496 778; x_wconf 66' lang='lat' dir='ltr'>,v</span> 
     </span>
    </p>

    <p class='ocr_par' dir='ltr' id='par_1_3' title="bbox 107 723 1703 862">
     <span class='ocr_line' id='line_1_6' title="bbox 107 723 1703 862; baseline -0.004 -24"><span class='ocrx_word' id='word_1_49' title='bbox 107 793 181 838; x_wconf 86' lang='lat' dir='ltr'>rum</span> <span class='ocrx_word' id='word_1_50' title='bbox 205 783 239 840; x_wconf 91' lang='lat' dir='ltr'>et</span> <span class='ocrx_word' id='word_1_51' title='bbox 260 793 319 840; x_wconf 90' lang='lat' dir='ltr'>rue</span> <span class='ocrx_word' id='word_1_52' title='bbox 336 771 381 838; x_wconf 90' lang='lat' dir='ltr'>ad</span> <span class='ocrx_word' id='word_1_53' title='bbox 397 769 576 862; x_wconf 84' lang='lat' dir='ltr'>quandam</span> <span class='ocrx_word' id='word_1_54' title='bbox 591 766 882 838; x_wconf 90' lang='lat' dir='ltr'>deliberationem</span> <span class='ocrx_word' id='word_1_55' title='bbox 896 779 1089 840; x_wconf 85' lang='lat' dir='ltr'>vocassent.</span> <span class='ocrx_word' id='word_1_56' title='bbox 1206 723 1229 792; x_wconf 51' lang='lat' dir='ltr'>i</span> <span class='ocrx_word' id='word_1_57' title='bbox 1336 759 1344 781; x_wconf 85' lang='lat'>&#39;</span> <span class='ocrx_word' id='word_1_58' title='bbox 1395 741 1457 786; x_wconf 53' lang='grc' dir='ltr'>’ἠ</span> <span class='ocrx_word' id='word_1_59' title='bbox 1496 723 1585 784; x_wconf 71' lang='lat' dir='ltr'>⁰¹&#39;u&#39;</span> <span class='ocrx_word' id='word_1_60' title='bbox 1602 728 1703 800; x_wconf 48' lang='grc' dir='ltr'>ΡΜ·</span> 
     </span>
    </p>
   </div>
   <div class='ocr_carea' id='block_1_3' title="bbox 105 867 2132 992">
    <p class='ocr_par' dir='ltr' id='par_1_4' title="bbox 105 867 2132 992">
     <span class='ocr_line' id='line_1_7' title="bbox 105 867 2132 992; baseline 0.012 -50"><span class='ocrx_word' id='word_1_61' title='bbox 105 869 190 942; x_wconf 90' lang='lat' dir='ltr'>Cum</span> <span class='ocrx_word' id='word_1_62' title='bbox 212 871 321 962; x_wconf 89' lang='lat' dir='ltr'>igitur</span> <span class='ocrx_word' id='word_1_63' title='bbox 342 870 495 941; x_wconf 89' lang='lat' dir='ltr'>iudicem</span> <span class='ocrx_word' id='word_1_64' title='bbox 517 867 720 960; x_wconf 83' lang='lat' dir='ltr'>Principem</span> <span class='ocrx_word' id='word_1_65' title='bbox 742 867 802 960; x_wconf 91' lang='lat' dir='ltr'>pia</span> <span class='ocrx_word' id='word_1_66' title='bbox 821 869 1020 956; x_wconf 88' lang='lat' dir='ltr'>voluntate,</span> <span class='ocrx_word' id='word_1_67' title='bbox 1055 881 1091 940; x_wconf 89' lang='lat' dir='ltr'>et</span> <span class='ocrx_word' id='word_1_68' title='bbox 1142 873 1367 957; x_wconf 69' lang='lat' dir='ltr'>Venerando</span> <span class='ocrx_word' id='word_1_69' title='bbox 1390 877 1487 964; x_wconf 82' lang='lat' dir='ltr'>viro,</span> <span class='ocrx_word' id='word_1_70' title='bbox 1509 889 1541 952; x_wconf 87' lang='lat' dir='ltr'>et</span> <span class='ocrx_word' id='word_1_71' title='bbox 1556 873 1703 982; x_wconf 77' lang='lat' dir='ltr'>egregio</span> <span class='ocrx_word' id='word_1_72' title='bbox 1719 883 1925 962; x_wconf 74' lang='lat' dir='ltr'>eruditione</span> <span class='ocrx_word' id='word_1_73' title='bbox 1944 900 1978 964; x_wconf 84' lang='lat' dir='ltr'>et</span> <span class='ocrx_word' id='word_1_74' title='bbox 1993 893 2132 992; x_wconf 81' lang='lat' dir='ltr'>pietate</span> 
     </span>
    </p>
   </div>
   <div class='ocr_carea' id='block_1_4' title="bbox 16 965 2136 2853">
    <p class='ocr_par' dir='ltr' id='par_1_5' title="bbox 16 965 2136 2853">
     <span class='ocr_line' id='line_1_8' title="bbox 104 965 2132 1082; baseline -0.001 -38"><span class='ocrx_word' id='word_1_75' title='bbox 104 973 194 1044; x_wconf 93' lang='lat' dir='ltr'>bono</span> <span class='ocrx_word' id='word_1_76' title='bbox 223 971 374 1043; x_wconf 91' lang='lat' dir='ltr'>consilio</span> <span class='ocrx_word' id='word_1_77' title='bbox 401 965 494 1040; x_wconf 90' lang='lat' dir='ltr'>hanc</span> <span class='ocrx_word' id='word_1_78' title='bbox 527 969 820 1040; x_wconf 79' lang='lat' dir='ltr'>instaurationem</span> <span class='ocrx_word' id='word_1_79' title='bbox 849 966 1088 1041; x_wconf 90' lang='lat' dir='ltr'>Ecclesiarum</span> <span class='ocrx_word' id='word_1_80' title='bbox 1136 977 1325 1082; x_wconf 58' lang='lat' dir='ltr'>praedito,</span> <span class='ocrx_word' id='word_1_81' title='bbox 1348 977 1405 1056; x_wconf 86' lang='lat' dir='ltr'>D,</span> <span class='ocrx_word' id='word_1_82' title='bbox 1425 979 1562 1056; x_wconf 67' lang='lat' dir='ltr'>lusto</span> <span class='ocrx_word' id='word_1_83' title='bbox 1586 983 1771 1079; x_wconf 59' lang='grc' dir='ltr'><strong><em>Μωὶο,</em></strong></span> <span class='ocrx_word' id='word_1_84' title='bbox 1794 985 2132 1070; x_wconf 53' lang='lat' dir='ltr'>postomodum</span> 
     </span>
     <span class='ocr_line' id='line_1_9' title="bbox 105 1073 1882 1184; baseline 0.014 -42"><span class='ocrx_word' id='word_1_85' title='bbox 105 1074 238 1160; x_wconf 91' lang='lat' dir='ltr'>moliri,</span> <span class='ocrx_word' id='word_1_86' title='bbox 270 1087 304 1146; x_wconf 91' lang='lat' dir='ltr'>et</span> <span class='ocrx_word' id='word_1_87' title='bbox 317 1073 428 1166; x_wconf 89' lang='lat' dir='ltr'>ipsius</span> <span class='ocrx_word' id='word_1_88' title='bbox 442 1073 609 1144; x_wconf 78' lang='lat' dir='ltr'>virtutem</span> <span class='ocrx_word' id='word_1_89' title='bbox 630 1073 845 1142; x_wconf 78' lang='lat' dir='ltr'>laudandam</span> <span class='ocrx_word' id='word_1_90' title='bbox 868 1095 941 1142; x_wconf 87' lang='lat' dir='ltr'>esse</span> <span class='ocrx_word' id='word_1_91' title='bbox 962 1073 1091 1160; x_wconf 90' lang='lat' dir='ltr'>sentio,</span> <span class='ocrx_word' id='word_1_92' title='bbox 1386 1079 1637 1174; x_wconf 84' lang='lat' dir='ltr'>Isenacensis,</span> <span class='ocrx_word' id='word_1_93' title='bbox 1662 1091 1783 1164; x_wconf 82' lang='lat' dir='ltr'>amico</span> <span class='ocrx_word' id='word_1_94' title='bbox 1796 1117 1882 1184; x_wconf 85' lang='lat' dir='ltr'>suo,</span> 
     </span>
     <span class='ocr_line' id='line_1_10' title="bbox 105 1171 1401 1294; baseline -0.001 -48"><span class='ocrx_word' id='word_1_95' title='bbox 105 1193 136 1248; x_wconf 91' lang='lat' dir='ltr'>et</span> <span class='ocrx_word' id='word_1_96' title='bbox 149 1173 262 1246; x_wconf 90' lang='lat' dir='ltr'>Deum</span> <span class='ocrx_word' id='word_1_97' title='bbox 276 1177 470 1264; x_wconf 88' lang='lat' dir='ltr'>orandum,</span> <span class='ocrx_word' id='word_1_98' title='bbox 495 1187 537 1246; x_wconf 89' lang='lat' dir='ltr'>ut</span> <span class='ocrx_word' id='word_1_99' title='bbox 552 1175 612 1268; x_wconf 90' lang='lat' dir='ltr'>pia</span> <span class='ocrx_word' id='word_1_100' title='bbox 627 1173 774 1244; x_wconf 90' lang='lat' dir='ltr'>consilia</span> <span class='ocrx_word' id='word_1_101' title='bbox 790 1173 945 1252; x_wconf 86' lang='lat' dir='ltr'>adiuvet.</span> <span class='ocrx_word' id='word_1_102' title='bbox 979 1171 1090 1247; x_wconf 86' lang='lat' dir='ltr'>Cum·</span> <span class='ocrx_word' id='word_1_103' title='bbox 1138 1199 1169 1292; x_wconf 79' lang='lat' dir='ltr'>S</span> <span class='ocrx_word' id='word_1_104' title='bbox 1206 1217 1242 1292; x_wconf 76' lang='lat' dir='ltr'>D</span> <span class='ocrx_word' id='word_1_105' title='bbox 1302 1213 1401 1294; x_wconf 60' lang='lat' dir='ltr'>Am</span> 
     </span>
     <span class='ocr_line' id='line_1_11' title="bbox 105 1266 1254 1371; baseline 0.002 -25"><span class='ocrx_word' id='word_1_106' title='bbox 105 1292 223 1371; x_wconf 84' lang='lat' dir='ltr'>quate</span> <span class='ocrx_word' id='word_1_107' title='bbox 243 1278 339 1348; x_wconf 87' lang='lat' dir='ltr'>idem</span> <span class='ocrx_word' id='word_1_108' title='bbox 359 1276 517 1346; x_wconf 90' lang='lat' dir='ltr'>iudicare</span> <span class='ocrx_word' id='word_1_109' title='bbox 530 1289 567 1346; x_wconf 90' lang='lat' dir='ltr'>et</span> <span class='ocrx_word' id='word_1_110' title='bbox 580 1289 702 1369; x_wconf 88' lang='lat' dir='ltr'>optare</span> <span class='ocrx_word' id='word_1_111' title='bbox 715 1275 885 1361; x_wconf 90' lang='lat' dir='ltr'>arbitrer,</span> <span class='ocrx_word' id='word_1_112' title='bbox 916 1271 1010 1348; x_wconf 89' lang='lat' dir='ltr'>hane</span> <span class='ocrx_word' id='word_1_113' title='bbox 1024 1275 1090 1350; x_wconf 88' lang='lat' dir='ltr'>tibi</span> <span class='ocrx_word' id='word_1_114' title='bbox 1170 1266 1182 1292; x_wconf 79' lang='lat'>&#39;</span> <span class='ocrx_word' id='word_1_115' title='bbox 1242 1271 1254 1298; x_wconf 87' lang='lat'>&#39;</span> 
     </span>
     <span class='ocr_line' id='line_1_12' title="bbox 104 1374 1091 1470; baseline -0.001 -22"><span class='ocrx_word' id='word_1_116' title='bbox 104 1380 340 1450; x_wconf 83' lang='lat' dir='ltr'>narrationem</span> <span class='ocrx_word' id='word_1_117' title='bbox 362 1389 495 1470; x_wconf 81' lang='lat' dir='ltr'>gratam</span> <span class='ocrx_word' id='word_1_118' title='bbox 516 1379 593 1448; x_wconf 84' lang='lat' dir='ltr'>fore</span> <span class='ocrx_word' id='word_1_119' title='bbox 613 1377 763 1468; x_wconf 75' lang='lat' dir='ltr'>speravi.</span> <span class='ocrx_word' id='word_1_120' title='bbox 813 1374 919 1448; x_wconf 87' lang='lat' dir='ltr'>Nunc</span> <span class='ocrx_word' id='word_1_121' title='bbox 940 1380 984 1450; x_wconf 90' lang='lat' dir='ltr'>de</span> <span class='ocrx_word' id='word_1_122' title='bbox 1004 1402 1091 1450; x_wconf 91' lang='lat' dir='ltr'>con-</span> 
     </span>
     <span class='ocr_line' id='line_1_13' title="bbox 104 1476 1092 1574; baseline 0.002 -26"><span class='ocrx_word' id='word_1_123' title='bbox 104 1495 207 1552; x_wconf 79' lang='lat' dir='ltr'>uentu</span> <span class='ocrx_word' id='word_1_124' title='bbox 221 1505 333 1574; x_wconf 89' lang='lat' dir='ltr'>pauca</span> <span class='ocrx_word' id='word_1_125' title='bbox 347 1479 522 1553; x_wconf 89' lang='lat' dir='ltr'>adiiciam.</span> <span class='ocrx_word' id='word_1_126' title='bbox 571 1476 805 1550; x_wconf 87' lang='lat' dir='ltr'>Brevissimae</span> <span class='ocrx_word' id='word_1_127' title='bbox 820 1479 1092 1552; x_wconf 80' lang='lat' dir='ltr'>deliberationes</span> 
     </span>
     <span class='ocr_line' id='line_1_14' title="bbox 103 1573 1091 1678; baseline 0.005 -27"><span class='ocrx_word' id='word_1_128' title='bbox 103 1583 267 1670; x_wconf 85' lang='lat' dir='ltr'>luissent,</span> <span class='ocrx_word' id='word_1_129' title='bbox 296 1583 368 1652; x_wconf 88' lang='lat' dir='ltr'>nisi</span> <span class='ocrx_word' id='word_1_130' title='bbox 387 1605 464 1652; x_wconf 88' lang='lat' dir='ltr'>rem</span> <span class='ocrx_word' id='word_1_131' title='bbox 487 1576 670 1652; x_wconf 86' lang='lat' dir='ltr'>extrahere</span> <span class='ocrx_word' id='word_1_132' title='bbox 689 1573 901 1678; x_wconf 83' lang='lat' dir='ltr'>Gropperus</span> <span class='ocrx_word' id='word_1_133' title='bbox 923 1585 1091 1658; x_wconf 77' lang='lat' dir='ltr'>studeret.</span> 
     </span>
     <span class='ocr_line' id='line_1_15' title="bbox 16 1675 1093 1778; baseline -0.002 -22"><span class='ocrx_word' id='word_1_134' title='bbox 16 1675 18 1684; x_wconf 55' lang='grc'><strong><em>’</em></strong></span> <span class='ocrx_word' id='word_1_135' title='bbox 103 1682 273 1772; x_wconf 84' lang='lat' dir='ltr'>Comites,</span> <span class='ocrx_word' id='word_1_136' title='bbox 304 1679 408 1756; x_wconf 92' lang='lat' dir='ltr'>Ordo</span> <span class='ocrx_word' id='word_1_137' title='bbox 423 1679 626 1778; x_wconf 84' lang='lat' dir='ltr'>Equestris,</span> <span class='ocrx_word' id='word_1_138' title='bbox 657 1680 781 1774; x_wconf 81' lang='lat' dir='ltr'>Legati</span> <span class='ocrx_word' id='word_1_139' title='bbox 797 1679 991 1756; x_wconf 88' lang='lat' dir='ltr'>Civitatum</span> <span class='ocrx_word' id='word_1_140' title='bbox 1007 1709 1093 1756; x_wconf 86' lang='lat' dir='ltr'>eerr-</span> 
     </span>
     <span class='ocr_line' id='line_1_16' title="bbox 103 1779 2131 1938; baseline 0.007 -34"><span class='ocrx_word' id='word_1_141' title='bbox 103 1801 246 1860; x_wconf 64' lang='lat' dir='ltr'><strong>⁸⁰²mm</strong></span> <span class='ocrx_word' id='word_1_142' title='bbox 266 1782 505 1878; x_wconf 57' lang='lat' dir='ltr'>recipiendam</span> <span class='ocrx_word' id='word_1_143' title='bbox 524 1808 598 1856; x_wconf 66' lang='lat'>⁰⁸⁵⁸</span> <span class='ocrx_word' id='word_1_144' title='bbox 613 1787 763 1905; x_wconf 49' lang='lat' dir='ltr'>mimam</span> <span class='ocrx_word' id='word_1_145' title='bbox 778 1779 1016 1906; x_wconf 61' lang='lat' dir='ltr'>chle⁸imin</span> <span class='ocrx_word' id='word_1_146' title='bbox 1033 1811 1091 1906; x_wconf 54' lang='lat' dir='ltr'>‘i&#39;</span> <span class='ocrx_word' id='word_1_147' title='bbox 1140 1832 1275 1918; x_wconf 84' lang='lat' dir='ltr'>dicem,</span> <span class='ocrx_word' id='word_1_148' title='bbox 1302 1829 1540 1924; x_wconf 87' lang='lat' dir='ltr'>Witebergae</span> <span class='ocrx_word' id='word_1_149' title='bbox 1553 1836 1688 1908; x_wconf 88' lang='lat' dir='ltr'>editum</span> <span class='ocrx_word' id='word_1_150' title='bbox 1741 1839 1954 1934; x_wconf 87' lang='lat' dir='ltr'>scriptorum</span> <span class='ocrx_word' id='word_1_151' title='bbox 1975 1843 2131 1938; x_wconf 89' lang='lat' dir='ltr'>prophe-</span> 
     </span>
     <span class='ocr_line' id='line_1_17' title="bbox 103 1883 2066 2027; baseline 0.001 -69"><span class='ocrx_word' id='word_1_152' title='bbox 103 1888 382 1962; x_wconf 84' lang='lat' dir='ltr'>staurandarurn.</span> <span class='ocrx_word' id='word_1_153' title='bbox 439 1885 511 1958; x_wconf 91' lang='lat' dir='ltr'>Sed</span> <span class='ocrx_word' id='word_1_154' title='bbox 540 1885 663 1980; x_wconf 88' lang='lat' dir='ltr'>Legatr</span> <span class='ocrx_word' id='word_1_155' title='bbox 690 1883 841 1978; x_wconf 78' lang='lat' dir='ltr'>Collegae</span> <span class='ocrx_word' id='word_1_156' title='bbox 867 1884 1104 1960; x_wconf 76' lang='lat' dir='ltr'>Coloniensrs·</span> <span class='ocrx_word' id='word_1_157' title='bbox 1140 1933 1296 2006; x_wconf 61' lang='lat' dir='ltr'>ficorum</span> <span class='ocrx_word' id='word_1_158' title='bbox 1314 1947 1349 2004; x_wconf 60' lang='lat' dir='ltr'>et</span> <span class='ocrx_word' id='word_1_159' title='bbox 1368 1935 1641 2027; x_wconf 46' lang='lat' dir='ltr'>apostoli-comm</span> <span class='ocrx_word' id='word_1_160' title='bbox 1695 1892 1735 2010; x_wconf 58' lang='lat' dir='ltr'>{n</span> <span class='ocrx_word' id='word_1_161' title='bbox 1782 1967 1828 2014; x_wconf 67' lang='lat' dir='ltr'>uo</span> <span class='ocrx_word' id='word_1_162' title='bbox 1852 1944 1864 2012; x_wconf 64' lang='lat' dir='ltr'><strong>i</strong></span> <span class='ocrx_word' id='word_1_163' title='bbox 1891 1969 1928 2016; x_wconf 57' lang='lat' dir='ltr'>se</span> <span class='ocrx_word' id='word_1_164' title='bbox 1948 1946 2066 2018; x_wconf 60' lang='lat' dir='ltr'><strong>interd</strong></span> 
     </span>
     <span class='ocr_line' id='line_1_18' title="bbox 104 1967 2130 2080; baseline 0.001 -20"><span class='ocrx_word' id='word_1_165' title='bbox 104 1990 332 2080; x_wconf 77' lang='lat' dir='ltr'>refragantur.</span> <span class='ocrx_word' id='word_1_166' title='bbox 380 1985 462 2060; x_wconf 87' lang='lat' dir='ltr'>Etsi</span> <span class='ocrx_word' id='word_1_167' title='bbox 485 1987 581 2060; x_wconf 89' lang='lat' dir='ltr'>enim</span> <span class='ocrx_word' id='word_1_168' title='bbox 604 1989 788 2060; x_wconf 89' lang='lat' dir='ltr'>doctrinae</span> <span class='ocrx_word' id='word_1_169' title='bbox 808 2011 920 2080; x_wconf 90' lang='lat' dir='ltr'>genus</span> <span class='ocrx_word' id='word_1_170' title='bbox 935 2013 1010 2062; x_wconf 90' lang='lat' dir='ltr'>non</span> <span class='ocrx_word' id='word_1_171' title='bbox 1024 1992 1092 2060; x_wconf 90' lang='lat' dir='ltr'>im·</span> <span class='ocrx_word' id='word_1_172' title='bbox 1651 1992 1663 2024; x_wconf 89' lang='lat'>’</span> <span class='ocrx_word' id='word_1_173' title='bbox 1757 1967 1780 2036; x_wconf 73' lang='lat' dir='ltr'>q</span> <span class='ocrx_word' id='word_1_174' title='bbox 1866 1969 1889 2036; x_wconf 74' lang='grc' dir='ltr'><strong>Ρ</strong></span> <span class='ocrx_word' id='word_1_175' title='bbox 2068 1973 2130 2020; x_wconf 71' lang='lat'>⁰¹¹¹</span> 
     </span>
     <span class='ocr_line' id='line_1_19' title="bbox 104 2087 1094 2184; baseline 0.001 -23"><span class='ocrx_word' id='word_1_176' title='bbox 104 2093 271 2184; x_wconf 91' lang='lat' dir='ltr'>probant,</span> <span class='ocrx_word' id='word_1_177' title='bbox 302 2106 423 2166; x_wconf 90' lang='lat' dir='ltr'>tamen</span> <span class='ocrx_word' id='word_1_178' title='bbox 444 2091 618 2182; x_wconf 83' lang='lat' dir='ltr'>expectari</span> <span class='ocrx_word' id='word_1_179' title='bbox 632 2087 783 2182; x_wconf 87' lang='lat' dir='ltr'>Collegii</span> <span class='ocrx_word' id='word_1_180' title='bbox 802 2115 1013 2164; x_wconf 87' lang='lat' dir='ltr'>consensum</span> <span class='ocrx_word' id='word_1_181' title='bbox 1027 2116 1094 2162; x_wconf 83' lang='lat' dir='ltr'>vo-</span> 
     </span>
     <span class='ocr_line' id='line_1_20' title="bbox 104 2191 1093 2282; baseline 0.003 -19"><span class='ocrx_word' id='word_1_182' title='bbox 104 2193 191 2268; x_wconf 90' lang='lat' dir='ltr'>lunt.</span> <span class='ocrx_word' id='word_1_183' title='bbox 240 2191 398 2264; x_wconf 90' lang='lat' dir='ltr'>Nectuut</span> <span class='ocrx_word' id='word_1_184' title='bbox 412 2215 550 2278; x_wconf 89' lang='lat' dir='ltr'>moras,</span> <span class='ocrx_word' id='word_1_185' title='bbox 581 2206 714 2282; x_wconf 90' lang='lat' dir='ltr'>negant</span> <span class='ocrx_word' id='word_1_186' title='bbox 733 2215 809 2263; x_wconf 89' lang='lat' dir='ltr'>rem</span> <span class='ocrx_word' id='word_1_187' title='bbox 824 2205 960 2266; x_wconf 88' lang='lat' dir='ltr'>tantam</span> <span class='ocrx_word' id='word_1_188' title='bbox 974 2193 1093 2266; x_wconf 88' lang='lat' dir='ltr'>subito</span> 
     </span>
     <span class='ocr_line' id='line_1_21' title="bbox 105 2289 1093 2386; baseline 0.002 -21"><span class='ocrx_word' id='word_1_189' title='bbox 105 2295 383 2366; x_wconf 79' lang='lat' dir='ltr'>constituendam</span> <span class='ocrx_word' id='word_1_190' title='bbox 405 2317 491 2368; x_wconf 86' lang='lat' dir='ltr'>esse.</span> <span class='ocrx_word' id='word_1_191' title='bbox 546 2289 691 2365; x_wconf 88' lang='lat' dir='ltr'>Adsunt</span> <span class='ocrx_word' id='word_1_192' title='bbox 711 2294 783 2364; x_wconf 85' lang='lat' dir='ltr'>viri</span> <span class='ocrx_word' id='word_1_193' title='bbox 804 2295 950 2386; x_wconf 88' lang='lat' dir='ltr'>optimi,</span> <span class='ocrx_word' id='word_1_194' title='bbox 987 2318 1093 2367; x_wconf 84' lang='lat' dir='ltr'>senex</span> 
     </span>
     <span class='ocr_line' id='line_1_22' title="bbox 104 2388 1092 2490; baseline 0.002 -24"><span class='ocrx_word' id='word_1_195' title='bbox 104 2397 208 2469; x_wconf 87' lang='lat' dir='ltr'>irater</span> <span class='ocrx_word' id='word_1_196' title='bbox 230 2395 425 2488; x_wconf 86' lang='lat' dir='ltr'>Principis,</span> <span class='ocrx_word' id='word_1_197' title='bbox 464 2389 718 2490; x_wconf 82' lang='lat' dir='ltr'>Stolbergios,</span> <span class='ocrx_word' id='word_1_198' title='bbox 758 2388 990 2484; x_wconf 84' lang='lat' dir='ltr'>Glichensis,</span> <span class='ocrx_word' id='word_1_199' title='bbox 1030 2397 1092 2468; x_wconf 89' lang='lat' dir='ltr'>sed</span> 
     </span>
     <span class='ocr_line' id='line_1_23' title="bbox 105 2491 1093 2593; baseline 0.003 -26"><span class='ocrx_word' id='word_1_200' title='bbox 105 2491 251 2584; x_wconf 90' lang='lat' dir='ltr'>babent,</span> <span class='ocrx_word' id='word_1_201' title='bbox 275 2513 317 2570; x_wconf 87' lang='lat' dir='ltr'>nt</span> <span class='ocrx_word' id='word_1_202' title='bbox 332 2499 448 2582; x_wconf 90' lang='lat' dir='ltr'>solent</span> <span class='ocrx_word' id='word_1_203' title='bbox 462 2497 558 2583; x_wconf 87' lang='lat' dir='ltr'>lieri,</span> <span class='ocrx_word' id='word_1_204' title='bbox 587 2499 753 2568; x_wconf 90' lang='lat' dir='ltr'>mandata</span> <span class='ocrx_word' id='word_1_205' title='bbox 774 2511 879 2572; x_wconf 89' lang='lat' dir='ltr'>certa.</span> <span class='ocrx_word' id='word_1_206' title='bbox 928 2498 1093 2593; x_wconf 82' lang='lat' dir='ltr'>Suntque</span> 
     </span>
     <span class='ocr_line' id='line_1_24' title="bbox 105 2592 1094 2726; baseline 0.004 -58"><span class='ocrx_word' id='word_1_207' title='bbox 105 2599 263 2672; x_wconf 90' lang='lat' dir='ltr'>adiuncti</span> <span class='ocrx_word' id='word_1_208' title='bbox 290 2601 364 2672; x_wconf 91' lang='lat' dir='ltr'>duo</span> <span class='ocrx_word' id='word_1_209' title='bbox 381 2592 604 2726; x_wconf 27' lang='lat' dir='ltr'>*Groppems</span> <span class='ocrx_word' id='word_1_210' title='bbox 636 2613 670 2671; x_wconf 84' lang='lat' dir='ltr'>at</span> <span class='ocrx_word' id='word_1_211' title='bbox 696 2595 959 2695; x_wconf 80' lang='lat' dir='ltr'>Hieronymus.</span> <span class='ocrx_word' id='word_1_212' title='bbox 1022 2599 1094 2674; x_wconf 86' lang='lat' dir='ltr'>Sed</span> 
     </span>
     <span class='ocr_line' id='line_1_25' title="bbox 105 2694 2136 2853; baseline 0.009 -35"><span class='ocrx_word' id='word_1_213' title='bbox 105 2723 415 2800; x_wconf 54' lang='lat' dir='ltr'><strong><em>“mamm</em></strong></span> <span class='ocrx_word' id='word_1_214' title='bbox 435 2715 487 2772; x_wconf 63' lang='lat'>⁰⁵¹</span> <span class='ocrx_word' id='word_1_215' title='bbox 503 2694 727 2798; x_wconf 56' lang='lat' dir='ltr'>Gmppem&#39;</span> <span class='ocrx_word' id='word_1_216' title='bbox 783 2699 818 2772; x_wconf 71' lang='lat'>¹⁵</span> <span class='ocrx_word' id='word_1_217' title='bbox 838 2697 1008 2776; x_wconf 64' lang='lat' dir='ltr'><strong>h³⁰¹²¹¹¹¹³</strong></span> <span class='ocrx_word' id='word_1_218' title='bbox 1030 2726 1095 2804; x_wconf 45' lang='lat'>&#39;2³‘</span> <span class='ocrx_word' id='word_1_219' title='bbox 1144 2761 1324 2842; x_wconf 86' lang='lat' dir='ltr'>equester,</span> <span class='ocrx_word' id='word_1_220' title='bbox 1351 2749 1512 2821; x_wconf 87' lang='lat' dir='ltr'>civitates</span> <span class='ocrx_word' id='word_1_221' title='bbox 1531 2775 1660 2842; x_wconf 88' lang='lat' dir='ltr'>magno</span> <span class='ocrx_word' id='word_1_222' title='bbox 1682 2779 1856 2830; x_wconf 85' lang='lat' dir='ltr'>consensu</span> <span class='ocrx_word' id='word_1_223' title='bbox 1872 2761 2136 2853; x_wconf 87' lang='lat' dir='ltr'>amplectuutur</span> 
     </span>
    </p>
   </div>
   <div class='ocr_carea' id='block_1_5' title="bbox 105 2801 2134 2955">
    <p class='ocr_par' dir='ltr' id='par_1_6' title="bbox 105 2801 2134 2955">
     <span class='ocr_line' id='line_1_26' title="bbox 105 2801 2134 2955; baseline 0.004 -83"><span class='ocrx_word' id='word_1_224' title='bbox 105 2803 163 2872; x_wconf 89' lang='lat' dir='ltr'>riis</span> <span class='ocrx_word' id='word_1_225' title='bbox 176 2803 336 2876; x_wconf 87' lang='lat' dir='ltr'>artificiis</span> <span class='ocrx_word' id='word_1_226' title='bbox 350 2802 540 2895; x_wconf 84' lang='lat' dir='ltr'>pugnavit,</span> <span class='ocrx_word' id='word_1_227' title='bbox 570 2817 611 2874; x_wconf 89' lang='lat' dir='ltr'>nt</span> <span class='ocrx_word' id='word_1_228' title='bbox 626 2803 842 2896; x_wconf 90' lang='lat' dir='ltr'>impediatur</span> <span class='ocrx_word' id='word_1_229' title='bbox 855 2801 1094 2926; x_wconf 73' lang='lat' dir='ltr'>Ecclesiarum</span> <span class='ocrx_word' id='word_1_230' title='bbox 1143 2850 1427 2924; x_wconf 57' lang='lat' dir='ltr'>emendationem</span> <span class='ocrx_word' id='word_1_231' title='bbox 1452 2853 1697 2941; x_wconf 54' lang='lat' dir='ltr'>ecclesiarum,</span> <span class='ocrx_word' id='word_1_232' title='bbox 1735 2871 1772 2930; x_wconf 59' lang='lat' dir='ltr'>et</span> <span class='ocrx_word' id='word_1_233' title='bbox 1795 2864 1982 2952; x_wconf 58' lang='lat' dir='ltr'>propagari</span> <span class='ocrx_word' id='word_1_234' title='bbox 2008 2888 2134 2955; x_wconf 59' lang='lat' dir='ltr'>puram</span> 
     </span>
    </p>
   </div>
   <div class='ocr_carea' id='block_1_6' title="bbox 16 2903 2211 4784">
    <p class='ocr_par' dir='ltr' id='par_1_7' title="bbox 16 2903 2211 4784">
     <span class='ocr_line' id='line_1_27' title="bbox 106 2903 2138 3103; baseline 0.008 -83"><span class='ocrx_word' id='word_1_235' title='bbox 106 2903 838 3103; x_wconf 33' lang='lat' dir='ltr'>gffiffizueffizvlsspzqdff&amp;³¹:³33</span> <span class='ocrx_word' id='word_1_236' title='bbox 861 2929 1095 3082; x_wconf 44' lang='lat' dir='ltr'>2⁰23:ss</span> <span class='ocrx_word' id='word_1_237' title='bbox 1144 2949 1343 3022; x_wconf 85' lang='lat' dir='ltr'>doctrinam</span> <span class='ocrx_word' id='word_1_238' title='bbox 1356 2953 1515 3044; x_wconf 84' lang='lat' dir='ltr'>cupiunt.</span> <span class='ocrx_word' id='word_1_239' title='bbox 1557 2953 1651 3027; x_wconf 90' lang='lat' dir='ltr'>Sunt</span> <span class='ocrx_word' id='word_1_240' title='bbox 1664 2969 1699 3028; x_wconf 89' lang='lat' dir='ltr'>et</span> <span class='ocrx_word' id='word_1_241' title='bbox 1711 2956 1752 3030; x_wconf 90' lang='lat' dir='ltr'>in</span> <span class='ocrx_word' id='word_1_242' title='bbox 1767 2961 1914 3052; x_wconf 88' lang='lat' dir='ltr'>collegio</span> <span class='ocrx_word' id='word_1_243' title='bbox 1929 2961 2138 3038; x_wconf 84' lang='lat' dir='ltr'>Coloniensi</span> 
     </span>
     <span class='ocr_line' id='line_1_28' title="bbox 177 3053 2033 3126; baseline 0.008 -11"><span class='ocrx_word' id='word_1_244' title='bbox 177 3107 185 3126; x_wconf 83' lang='grc'><strong>,</strong></span> <span class='ocrx_word' id='word_1_245' title='bbox 225 3109 235 3126; x_wconf 86' lang='grc'><strong>,</strong></span> <span class='ocrx_word' id='word_1_246' title='bbox 444 3109 453 3126; x_wconf 85' lang='grc'>,</span> <span class='ocrx_word' id='word_1_247' title='bbox 1144 3053 1291 3125; x_wconf 88' lang='lat' dir='ltr'>comites</span> <span class='ocrx_word' id='word_1_248' title='bbox 1309 3067 1344 3126; x_wconf 88' lang='lat' dir='ltr'>et</span> <span class='ocrx_word' id='word_1_249' title='bbox 1392 3053 1482 3125; x_wconf 86' lang='lat' dir='ltr'>rinei</span> <span class='ocrx_word' id='word_1_250' title='bbox 1508 3079 1544 3125; x_wconf 91' lang='lat' dir='ltr'>es</span> <span class='ocrx_word' id='word_1_251' title='bbox 1565 3057 1614 3126; x_wconf 92' lang='lat' dir='ltr'>ali</span> <span class='ocrx_word' id='word_1_252' title='bbox 1811 3062 1821 3080; x_wconf 82' lang='lat'>⁸</span> <span class='ocrx_word' id='word_1_253' title='bbox 1874 3065 1884 3081; x_wconf 86' lang='lat'><strong><em>‘</em></strong></span> <span class='ocrx_word' id='word_1_254' title='bbox 2023 3067 2033 3083; x_wconf 83' lang='lat'>‘</span> 
     </span>
     <span class='ocr_line' id='line_1_29' title="bbox 105 3065 2139 3262; baseline 0.01 -49"><span class='ocrx_word' id='word_1_255' title='bbox 105 3103 325 3180; x_wconf 66' lang='lat' dir='ltr'>Ch¹¹⁸²¹³¹¹³⁰</span> <span class='ocrx_word' id='word_1_256' title='bbox 339 3111 534 3185; x_wconf 70' lang='lat' dir='ltr'>d⁰⁰¹³¹¹¹³⁰⁶</span> <span class='ocrx_word' id='word_1_257' title='bbox 972 3199 978 3204; x_wconf 90' lang='lat'><em>-</em></span> <span class='ocrx_word' id='word_1_258' title='bbox 1145 3151 1312 3226; x_wconf 86' lang='lat' dir='ltr'>honestas</span> <span class='ocrx_word' id='word_1_259' title='bbox 1327 3077 1531 3234; x_wconf 57' lang='lat' dir='ltr'>selitentil&#39;s.</span> <span class='ocrx_word' id='word_1_260' title='bbox 1580 3065 2139 3262; x_wconf 46' lang='lat' dir='ltr'>squtogqioqulmqqectgliqtppqqtrpt</span> 
     </span>
     <span class='ocr_line' id='line_1_30' title="bbox 201 3249 2139 3362; baseline 0.007 -34"><span class='ocrx_word' id='word_1_261' title='bbox 201 3251 439 3348; x_wconf 83' lang='lat' dir='ltr'>DeCollegiis</span> <span class='ocrx_word' id='word_1_262' title='bbox 455 3270 491 3328; x_wconf 91' lang='lat' dir='ltr'>et</span> <span class='ocrx_word' id='word_1_263' title='bbox 505 3249 674 3354; x_wconf 73' lang='grc' dir='ltr'><em>ἷεραρχίᾳ</em></span> <span class='ocrx_word' id='word_1_264' title='bbox 690 3253 952 3345; x_wconf 82' lang='lat' dir='ltr'>Ecclesiastico,</span> <span class='ocrx_word' id='word_1_265' title='bbox 977 3271 1018 3332; x_wconf 93' lang='lat' dir='ltr'>ut</span> <span class='ocrx_word' id='word_1_266' title='bbox 1031 3283 1097 3362; x_wconf 82' lang='lat' dir='ltr'>vo-</span> <span class='ocrx_word' id='word_1_267' title='bbox 1144 3259 1319 3350; x_wconf 81' lang='lat' dir='ltr'>fragatur,</span> <span class='ocrx_word' id='word_1_268' title='bbox 1352 3271 1388 3329; x_wconf 88' lang='lat' dir='ltr'>et</span> <span class='ocrx_word' id='word_1_269' title='bbox 1400 3251 1481 3328; x_wconf 86' lang='lat' dir='ltr'>Gro</span> <span class='ocrx_word' id='word_1_270' title='bbox 1506 3281 1589 3332; x_wconf 85' lang='lat' dir='ltr'>erus</span> <span class='ocrx_word' id='word_1_271' title='bbox 1604 3278 1805 3356; x_wconf 87' lang='lat' dir='ltr'>propugnat</span> <span class='ocrx_word' id='word_1_272' title='bbox 1820 3267 2031 3340; x_wconf 87' lang='lat' dir='ltr'>deteriorem</span> <span class='ocrx_word' id='word_1_273' title='bbox 2055 3295 2139 3342; x_wconf 89' lang='lat' dir='ltr'>sen-</span> 
     </span>
     <span class='ocr_line' id='line_1_31' title="bbox 16 3283 2141 3464; baseline 0.008 -37"><span class='ocrx_word' id='word_1_274' title='bbox 16 3371 18 3382; x_wconf 89' lang='lat'>&#39;</span> <span class='ocrx_word' id='word_1_275' title='bbox 107 3371 201 3444; x_wconf 91' lang='lat' dir='ltr'>cant,</span> <span class='ocrx_word' id='word_1_276' title='bbox 234 3359 534 3429; x_wconf 89' lang='lat' dir='ltr'>moderatissimae</span> <span class='ocrx_word' id='word_1_277' title='bbox 555 3373 639 3432; x_wconf 88' lang='lat' dir='ltr'>sunt</span> <span class='ocrx_word' id='word_1_278' title='bbox 655 3360 867 3446; x_wconf 90' lang='lat' dir='ltr'>sententiae,</span> <span class='ocrx_word' id='word_1_279' title='bbox 899 3375 942 3432; x_wconf 94' lang='lat' dir='ltr'>ut</span> <span class='ocrx_word' id='word_1_280' title='bbox 956 3374 1098 3432; x_wconf 91' lang='lat' dir='ltr'>maneat</span> <span class='ocrx_word' id='word_1_281' title='bbox 1145 3359 1312 3446; x_wconf 88' lang='lat' dir='ltr'>tentiam,</span> <span class='ocrx_word' id='word_1_282' title='bbox 1341 3359 1407 3430; x_wconf 86' lang='lat' dir='ltr'>etsi</span> <span class='ocrx_word' id='word_1_283' title='bbox 1428 3283 1546 3434; x_wconf 82' lang='lat' dir='ltr'>adlluc</span> <span class='ocrx_word' id='word_1_284' title='bbox 1568 3365 1776 3456; x_wconf 80' lang='lat' dir='ltr'>ambigitur,</span> <span class='ocrx_word' id='word_1_285' title='bbox 1808 3393 1880 3464; x_wconf 90' lang='lat' dir='ltr'>quo</span> <span class='ocrx_word' id='word_1_286' title='bbox 1902 3370 2071 3444; x_wconf 90' lang='lat' dir='ltr'>inclinata</span> <span class='ocrx_word' id='word_1_287' title='bbox 2093 3374 2141 3446; x_wconf 91' lang='lat' dir='ltr'>sit</span> 
     </span>
     <span class='ocr_line' id='line_1_32' title="bbox 106 3447 2141 3566; baseline 0.007 -35"><span class='ocrx_word' id='word_1_288' title='bbox 106 3462 216 3531; x_wconf 86' lang='lat' dir='ltr'>forma</span> <span class='ocrx_word' id='word_1_289' title='bbox 235 3451 380 3552; x_wconf 85' lang='lat' dir='ltr'>politiae</span> <span class='ocrx_word' id='word_1_290' title='bbox 397 3447 683 3548; x_wconf 78' lang='lat' dir='ltr'>Ec&#39;clesiasticae,</span> <span class='ocrx_word' id='word_1_291' title='bbox 707 3475 875 3532; x_wconf 89' lang='lat' dir='ltr'>maneant</span> <span class='ocrx_word' id='word_1_292' title='bbox 889 3459 1046 3554; x_wconf 89' lang='lat' dir='ltr'>Collegia</span> <span class='ocrx_word' id='word_1_293' title='bbox 1063 3475 1098 3534; x_wconf 90' lang='lat' dir='ltr'>et</span> <span class='ocrx_word' id='word_1_294' title='bbox 1145 3461 1271 3532; x_wconf 89' lang='lat' dir='ltr'>ultima</span> <span class='ocrx_word' id='word_1_295' title='bbox 1296 3461 1436 3552; x_wconf 87' lang='lat' dir='ltr'>collegii</span> <span class='ocrx_word' id='word_1_296' title='bbox 1460 3463 1677 3555; x_wconf 86' lang='lat' dir='ltr'>suffragatio.</span> <span class='ocrx_word' id='word_1_297' title='bbox 1726 3465 1819 3538; x_wconf 83' lang='lat' dir='ltr'>Nam</span> <span class='ocrx_word' id='word_1_298' title='bbox 1842 3471 1972 3566; x_wconf 89' lang='lat' dir='ltr'>reliqui</span> <span class='ocrx_word' id='word_1_299' title='bbox 1996 3475 2141 3546; x_wconf 87' lang='lat' dir='ltr'>ordines</span> 
     </span>
     <span class='ocr_line' id='line_1_33' title="bbox 106 3557 2141 3661; baseline 0.007 -29"><span class='ocrx_word' id='word_1_300' title='bbox 106 3557 298 3654; x_wconf 77' lang='grc' dir='ltr'><strong><em>ἀξιώματα</em></strong></span> <span class='ocrx_word' id='word_1_301' title='bbox 319 3557 502 3656; x_wconf 76' lang='lat' dir='ltr'>ispormoi,</span> <span class='ocrx_word' id='word_1_302' title='bbox 544 3586 647 3656; x_wconf 91' lang='lat' dir='ltr'>opes,</span> <span class='ocrx_word' id='word_1_303' title='bbox 685 3565 833 3653; x_wconf 90' lang='lat' dir='ltr'>gradus,</span> <span class='ocrx_word' id='word_1_304' title='bbox 871 3577 1096 3650; x_wconf 84' lang='lat' dir='ltr'>ornamenta3</span> <span class='ocrx_word' id='word_1_305' title='bbox 1147 3563 1294 3634; x_wconf 86' lang='lat' dir='ltr'>ditionis</span> <span class='ocrx_word' id='word_1_306' title='bbox 1307 3563 1529 3655; x_wconf 90' lang='lat' dir='ltr'>petiverunt,</span> <span class='ocrx_word' id='word_1_307' title='bbox 1558 3589 1605 3636; x_wconf 90' lang='lat' dir='ltr'>ne</span> <span class='ocrx_word' id='word_1_308' title='bbox 1626 3569 1671 3640; x_wconf 93' lang='lat' dir='ltr'>ab</span> <span class='ocrx_word' id='word_1_309' title='bbox 1693 3567 1779 3661; x_wconf 90' lang='lat' dir='ltr'>ipsis</span> <span class='ocrx_word' id='word_1_310' title='bbox 1796 3593 1859 3644; x_wconf 90' lang='lat' dir='ltr'>sua</span> <span class='ocrx_word' id='word_1_311' title='bbox 1876 3577 2048 3648; x_wconf 90' lang='lat' dir='ltr'>sententia</span> <span class='ocrx_word' id='word_1_312' title='bbox 2065 3577 2141 3646; x_wconf 89' lang='lat' dir='ltr'>dis-</span> 
     </span>
     <span class='ocr_line' id='line_1_34' title="bbox 107 3658 2137 3768; baseline 0.007 -34"><span class='ocrx_word' id='word_1_313' title='bbox 107 3666 163 3734; x_wconf 90' lang='lat' dir='ltr'>sed</span> <span class='ocrx_word' id='word_1_314' title='bbox 180 3665 451 3758; x_wconf 88' lang='lat' dir='ltr'>superstitiones</span> <span class='ocrx_word' id='word_1_315' title='bbox 466 3687 589 3754; x_wconf 87' lang='lat' dir='ltr'>graves</span> <span class='ocrx_word' id='word_1_316' title='bbox 604 3665 789 3738; x_wconf 88' lang='lat' dir='ltr'>tollantur.</span> <span class='ocrx_word' id='word_1_317' title='bbox 832 3663 945 3758; x_wconf 89' lang='lat' dir='ltr'>Saepe</span> <span class='ocrx_word' id='word_1_318' title='bbox 957 3665 996 3735; x_wconf 93' lang='lat' dir='ltr'>in</span> <span class='ocrx_word' id='word_1_319' title='bbox 1011 3689 1098 3738; x_wconf 91' lang='lat' dir='ltr'>con·</span> <span class='ocrx_word' id='word_1_320' title='bbox 1146 3658 1324 3756; x_wconf 85' lang='lat' dir='ltr'>iungatur.</span> <span class='ocrx_word' id='word_1_321' title='bbox 1375 3663 1513 3738; x_wconf 90' lang='lat' dir='ltr'>Tamen</span> <span class='ocrx_word' id='word_1_322' title='bbox 1536 3669 1661 3740; x_wconf 87' lang='lat' dir='ltr'>utilius</span> <span class='ocrx_word' id='word_1_323' title='bbox 1683 3671 1844 3758; x_wconf 86' lang='lat' dir='ltr'>videtur,</span> <span class='ocrx_word' id='word_1_324' title='bbox 1878 3676 2068 3768; x_wconf 86' lang='lat' dir='ltr'>collegium</span> <span class='ocrx_word' id='word_1_325' title='bbox 2091 3679 2137 3748; x_wconf 90' lang='lat' dir='ltr'>ab</span> 
     </span>
     <span class='ocr_line' id='line_1_35' title="bbox 107 3761 2142 3870; baseline 0.008 -36"><span class='ocrx_word' id='word_1_326' title='bbox 107 3766 273 3844; x_wconf 83' lang='lat' dir='ltr'>ventibus</span> <span class='ocrx_word' id='word_1_327' title='bbox 301 3763 536 3838; x_wconf 86' lang='lat' dir='ltr'>Germanicae</span> <span class='ocrx_word' id='word_1_328' title='bbox 561 3764 732 3838; x_wconf 85' lang='lat' dir='ltr'>Nationis</span> <span class='ocrx_word' id='word_1_329' title='bbox 760 3761 853 3836; x_wconf 88' lang='lat' dir='ltr'>banc</span> <span class='ocrx_word' id='word_1_330' title='bbox 879 3767 976 3860; x_wconf 87' lang='lat' dir='ltr'>pacis</span> <span class='ocrx_word' id='word_1_331' title='bbox 1002 3768 1097 3838; x_wconf 88' lang='lat' dir='ltr'>viam</span> <span class='ocrx_word' id='word_1_332' title='bbox 1146 3761 1215 3836; x_wconf 89' lang='lat' dir='ltr'>hoc</span> <span class='ocrx_word' id='word_1_333' title='bbox 1242 3766 1384 3856; x_wconf 89' lang='lat' dir='ltr'>negotio</span> <span class='ocrx_word' id='word_1_334' title='bbox 1407 3769 1558 3858; x_wconf 86' lang='lat' dir='ltr'>seiungi.</span> <span class='ocrx_word' id='word_1_335' title='bbox 1616 3767 1772 3844; x_wconf 81' lang='lat' dir='ltr'>Facilius</span> <span class='ocrx_word' id='word_1_336' title='bbox 1795 3773 1892 3844; x_wconf 90' lang='lat' dir='ltr'>enim</span> <span class='ocrx_word' id='word_1_337' title='bbox 1913 3779 2050 3870; x_wconf 89' lang='lat' dir='ltr'>puritas</span> <span class='ocrx_word' id='word_1_338' title='bbox 2075 3781 2142 3850; x_wconf 94' lang='lat' dir='ltr'>do-</span> 
     </span>
     <span class='ocr_line' id='line_1_36' title="bbox 107 3863 2142 3972; baseline 0.006 -34"><span class='ocrx_word' id='word_1_339' title='bbox 107 3865 286 3960; x_wconf 83' lang='lat' dir='ltr'>proposui.</span> <span class='ocrx_word' id='word_1_340' title='bbox 336 3865 410 3938; x_wconf 88' lang='lat' dir='ltr'>Nec</span> <span class='ocrx_word' id='word_1_341' title='bbox 425 3867 532 3938; x_wconf 90' lang='lat' dir='ltr'>aliam</span> <span class='ocrx_word' id='word_1_342' title='bbox 546 3866 671 3949; x_wconf 88' lang='lat' dir='ltr'>video,</span> <span class='ocrx_word' id='word_1_343' title='bbox 703 3867 774 3937; x_wconf 89' lang='lat' dir='ltr'>uisi</span> <span class='ocrx_word' id='word_1_344' title='bbox 795 3863 887 3938; x_wconf 91' lang='lat' dir='ltr'>hanc</span> <span class='ocrx_word' id='word_1_345' title='bbox 904 3867 1030 3950; x_wconf 89' lang='lat' dir='ltr'>unam,</span> <span class='ocrx_word' id='word_1_346' title='bbox 1058 3880 1099 3938; x_wconf 89' lang='lat' dir='ltr'>ut</span> <span class='ocrx_word' id='word_1_347' title='bbox 1147 3869 1281 3938; x_wconf 88' lang='lat' dir='ltr'>ctrinae</span> <span class='ocrx_word' id='word_1_348' title='bbox 1297 3869 1455 3960; x_wconf 89' lang='lat' dir='ltr'>collegiis</span> <span class='ocrx_word' id='word_1_349' title='bbox 1470 3871 1695 3948; x_wconf 83' lang='lat' dir='ltr'>retinebitur.</span> <span class='ocrx_word' id='word_1_350' title='bbox 1744 3871 1836 3946; x_wconf 88' lang='lat' dir='ltr'>Nam</span> <span class='ocrx_word' id='word_1_351' title='bbox 1855 3877 1969 3949; x_wconf 77' lang='lat' dir='ltr'>sor-ma</span> <span class='ocrx_word' id='word_1_352' title='bbox 1990 3881 2036 3950; x_wconf 91' lang='lat' dir='ltr'>ab</span> <span class='ocrx_word' id='word_1_353' title='bbox 2051 3875 2142 3972; x_wconf 90' lang='lat' dir='ltr'>Epi-</span> 
     </span>
     <span class='ocr_line' id='line_1_37' title="bbox 107 3960 2142 4068; baseline 0.007 -30"><span class='ocrx_word' id='word_1_354' title='bbox 107 3971 282 4040; x_wconf 90' lang='lat' dir='ltr'>retineant</span> <span class='ocrx_word' id='word_1_355' title='bbox 301 3965 471 4061; x_wconf 88' lang='lat' dir='ltr'>Episcopi</span> <span class='ocrx_word' id='word_1_356' title='bbox 493 3983 528 4040; x_wconf 90' lang='lat' dir='ltr'>et</span> <span class='ocrx_word' id='word_1_357' title='bbox 550 3966 707 4060; x_wconf 88' lang='lat' dir='ltr'>Collegia</span> <span class='ocrx_word' id='word_1_358' title='bbox 729 3991 791 4040; x_wconf 90' lang='lat' dir='ltr'>sua</span> <span class='ocrx_word' id='word_1_359' title='bbox 815 3960 1028 4064; x_wconf 79' lang='grc' dir='ltr'><strong><em>ἀξιώματα,</em></strong></span> <span class='ocrx_word' id='word_1_360' title='bbox 1063 3981 1099 4040; x_wconf 91' lang='lat' dir='ltr'>et</span> <span class='ocrx_word' id='word_1_361' title='bbox 1147 3992 1254 4062; x_wconf 87' lang='lat' dir='ltr'>scopo</span> <span class='ocrx_word' id='word_1_362' title='bbox 1282 3971 1464 4062; x_wconf 91' lang='lat' dir='ltr'>proposita</span> <span class='ocrx_word' id='word_1_363' title='bbox 1490 3976 1534 4042; x_wconf 90' lang='lat' dir='ltr'>ad</span> <span class='ocrx_word' id='word_1_364' title='bbox 1560 3987 1720 4044; x_wconf 84' lang='lat' dir='ltr'>nostram</span> <span class='ocrx_word' id='word_1_365' title='bbox 1744 3979 1918 4068; x_wconf 82' lang='lat' dir='ltr'>congruit.</span> <span class='ocrx_word' id='word_1_366' title='bbox 1978 3979 2019 4051; x_wconf 93' lang='lat' dir='ltr'>Si</span> <span class='ocrx_word' id='word_1_367' title='bbox 2042 4006 2142 4052; x_wconf 90' lang='lat' dir='ltr'>acce-</span> 
     </span>
     <span class='ocr_line' id='line_1_38' title="bbox 109 4068 2142 4176; baseline 0.007 -35"><span class='ocrx_word' id='word_1_368' title='bbox 109 4095 184 4142; x_wconf 88' lang='lat' dir='ltr'>suas</span> <span class='ocrx_word' id='word_1_369' title='bbox 206 4092 311 4161; x_wconf 91' lang='lat' dir='ltr'>opes,</span> <span class='ocrx_word' id='word_1_370' title='bbox 345 4083 381 4142; x_wconf 89' lang='lat' dir='ltr'>et</span> <span class='ocrx_word' id='word_1_371' title='bbox 406 4069 580 4162; x_wconf 88' lang='lat' dir='ltr'>recipiant</span> <span class='ocrx_word' id='word_1_372' title='bbox 603 4069 803 4142; x_wconf 88' lang='lat' dir='ltr'>doctrinam</span> <span class='ocrx_word' id='word_1_373' title='bbox 825 4071 933 4166; x_wconf 90' lang='lat' dir='ltr'>piam.</span> <span class='ocrx_word' id='word_1_374' title='bbox 999 4069 1099 4162; x_wconf 90' lang='lat' dir='ltr'>Quid</span> <span class='ocrx_word' id='word_1_375' title='bbox 1148 4072 1236 4141; x_wconf 90' lang='lat' dir='ltr'>dent</span> <span class='ocrx_word' id='word_1_376' title='bbox 1250 4069 1394 4162; x_wconf 90' lang='lat' dir='ltr'>collegia</span> <span class='ocrx_word' id='word_1_377' title='bbox 1412 4068 1521 4170; x_wconf 81' lang='lat'><strong>....²)</strong></span> <span class='ocrx_word' id='word_1_378' title='bbox 1536 4073 1672 4168; x_wconf 91' lang='lat' dir='ltr'>aliquid</span> <span class='ocrx_word' id='word_1_379' title='bbox 1689 4075 1734 4146; x_wconf 88' lang='lat' dir='ltr'>de</span> <span class='ocrx_word' id='word_1_380' title='bbox 1748 4099 1810 4147; x_wconf 90' lang='lat' dir='ltr'>suo</span> <span class='ocrx_word' id='word_1_381' title='bbox 1828 4071 2028 4176; x_wconf 84' lang='lat' dir='ltr'>Groperus.</span> <span class='ocrx_word' id='word_1_382' title='bbox 2065 4081 2142 4156; x_wconf 86' lang='lat' dir='ltr'>lla-</span> 
     </span>
     <span class='ocr_line' id='line_1_39' title="bbox 108 4163 1938 4268; baseline 0.007 -28"><span class='ocrx_word' id='word_1_383' title='bbox 108 4171 253 4262; x_wconf 91' lang='lat' dir='ltr'>cogitari</span> <span class='ocrx_word' id='word_1_384' title='bbox 273 4171 419 4266; x_wconf 87' lang='lat' dir='ltr'>aequius</span> <span class='ocrx_word' id='word_1_385' title='bbox 440 4171 580 4264; x_wconf 85' lang='lat' dir='ltr'>potest?</span> <span class='ocrx_word' id='word_1_386' title='bbox 639 4169 680 4244; x_wconf 91' lang='lat' dir='ltr'>Si</span> <span class='ocrx_word' id='word_1_387' title='bbox 703 4163 795 4242; x_wconf 89' lang='lat' dir='ltr'>hanc</span> <span class='ocrx_word' id='word_1_388' title='bbox 816 4173 1099 4243; x_wconf 87' lang='lat' dir='ltr'>moderationem</span> <span class='ocrx_word' id='word_1_389' title='bbox 1117 4231 1120 4238; x_wconf 20' lang='grc' dir='ltr'><strong>Α</strong></span> <span class='ocrx_word' id='word_1_390' title='bbox 1147 4173 1210 4244; x_wconf 92' lang='lat' dir='ltr'>bes</span> <span class='ocrx_word' id='word_1_391' title='bbox 1223 4173 1363 4254; x_wconf 88' lang='lat' dir='ltr'>omnia,</span> <span class='ocrx_word' id='word_1_392' title='bbox 1389 4197 1479 4268; x_wconf 90' lang='lat' dir='ltr'>quae</span> <span class='ocrx_word' id='word_1_393' title='bbox 1494 4169 1662 4246; x_wconf 79' lang='lat' dir='ltr'>hactenus</span> <span class='ocrx_word' id='word_1_394' title='bbox 1677 4171 1736 4248; x_wconf 93' lang='lat' dir='ltr'>hic</span> <span class='ocrx_word' id='word_1_395' title='bbox 1751 4191 1829 4250; x_wconf 87' lang='lat' dir='ltr'>acta</span> <span class='ocrx_word' id='word_1_396' title='bbox 1843 4195 1938 4256; x_wconf 91' lang='lat' dir='ltr'>sunt.</span> 
     </span>
     <span class='ocr_line' id='line_1_40' title="bbox 108 4267 2143 4374; baseline 0.006 -29"><span class='ocrx_word' id='word_1_397' title='bbox 108 4267 319 4372; x_wconf 82' lang='lat' dir='ltr'>Giopperus</span> <span class='ocrx_word' id='word_1_398' title='bbox 332 4297 407 4344; x_wconf 91' lang='lat' dir='ltr'>nou</span> <span class='ocrx_word' id='word_1_399' title='bbox 422 4275 567 4366; x_wconf 87' lang='lat' dir='ltr'>probat,</span> <span class='ocrx_word' id='word_1_400' title='bbox 597 4274 657 4343; x_wconf 88' lang='lat' dir='ltr'>sed</span> <span class='ocrx_word' id='word_1_401' title='bbox 675 4273 774 4367; x_wconf 90' lang='lat' dir='ltr'>prius</span> <span class='ocrx_word' id='word_1_402' title='bbox 788 4269 1016 4344; x_wconf 76' lang='lat' dir='ltr'>nosinterfi&#39;ci</span> <span class='ocrx_word' id='word_1_403' title='bbox 1037 4298 1100 4345; x_wconf 87' lang='lat' dir='ltr'>cu·</span> <span class='ocrx_word' id='word_1_404' title='bbox 1250 4269 1384 4345; x_wconf 88' lang='lat' dir='ltr'>Orabis</span> <span class='ocrx_word' id='word_1_405' title='bbox 1406 4290 1523 4348; x_wconf 90' lang='lat' dir='ltr'>autem</span> <span class='ocrx_word' id='word_1_406' title='bbox 1543 4273 1680 4364; x_wconf 88' lang='lat' dir='ltr'>Deum,</span> <span class='ocrx_word' id='word_1_407' title='bbox 1720 4291 1760 4350; x_wconf 90' lang='lat' dir='ltr'>ut</span> <span class='ocrx_word' id='word_1_408' title='bbox 1782 4279 1858 4374; x_wconf 85' lang='lat' dir='ltr'>ipse</span> <span class='ocrx_word' id='word_1_409' title='bbox 1880 4283 2040 4354; x_wconf 89' lang='lat' dir='ltr'>ecclesias</span> <span class='ocrx_word' id='word_1_410' title='bbox 2061 4307 2143 4358; x_wconf 91' lang='lat' dir='ltr'>suas</span> 
     </span>
     <span class='ocr_line' id='line_1_41' title="bbox 107 4369 2211 4474; baseline 0.007 -30"><span class='ocrx_word' id='word_1_411' title='bbox 107 4375 173 4464; x_wconf 91' lang='lat' dir='ltr'>pit,</span> <span class='ocrx_word' id='word_1_412' title='bbox 203 4369 464 4445; x_wconf 89' lang='lat' dir='ltr'>necEcolesiae</span> <span class='ocrx_word' id='word_1_413' title='bbox 484 4374 977 4468; x_wconf 85' lang='lat' dir='ltr'>neopattiaebenecunsulit.</span> <span class='ocrx_word' id='word_1_414' title='bbox 1027 4374 1099 4451; x_wconf 86' lang='lat' dir='ltr'>Sed</span> <span class='ocrx_word' id='word_1_415' title='bbox 1148 4388 1247 4467; x_wconf 90' lang='lat' dir='ltr'>regat</span> <span class='ocrx_word' id='word_1_416' title='bbox 1262 4389 1296 4447; x_wconf 88' lang='lat' dir='ltr'>et</span> <span class='ocrx_word' id='word_1_417' title='bbox 1310 4389 1435 4450; x_wconf 86' lang='lat' dir='ltr'>servet.</span> <span class='ocrx_word' id='word_1_418' title='bbox 1486 4374 1630 4466; x_wconf 85' lang='lat' dir='ltr'>Quanto</span> <span class='ocrx_word' id='word_1_419' title='bbox 1651 4379 1698 4450; x_wconf 90' lang='lat' dir='ltr'>sit</span> <span class='ocrx_word' id='word_1_420' title='bbox 1714 4379 1753 4452; x_wconf 90' lang='lat' dir='ltr'>in</span> <span class='ocrx_word' id='word_1_421' title='bbox 1768 4383 1928 4474; x_wconf 90' lang='lat' dir='ltr'>periculo</span> <span class='ocrx_word' id='word_1_422' title='bbox 1945 4383 2141 4462; x_wconf 89' lang='lat' dir='ltr'>Germania</span> <span class='ocrx_word' id='word_1_423' title='bbox 2207 4395 2211 4402; x_wconf 90' lang='grc'><strong>’</strong></span> 
     </span>
     <span class='ocr_line' id='line_1_42' title="bbox 106 4472 2141 4581; baseline 0.013 -48"><span class='ocrx_word' id='word_1_424' title='bbox 106 4473 179 4548; x_wconf 72' lang='lat' dir='ltr'>Deo</span> <span class='ocrx_word' id='word_1_425' title='bbox 193 4472 520 4554; x_wconf 63' lang='lat' dir='ltr'>bantcommendo,</span> <span class='ocrx_word' id='word_1_426' title='bbox 1149 4479 1264 4564; x_wconf 50' lang='grc' dir='ltr'>νωθῆ</span> <span class='ocrx_word' id='word_1_427' title='bbox 1302 4473 1434 4548; x_wconf 88' lang='lat' dir='ltr'>isthinc</span> <span class='ocrx_word' id='word_1_428' title='bbox 1457 4475 1569 4549; x_wconf 59' lang='lat' dir='ltr'>Turul</span> <span class='ocrx_word' id='word_1_429' title='bbox 1592 4479 1727 4552; x_wconf 79' lang='lat' dir='ltr'>bellum</span> <span class='ocrx_word' id='word_1_430' title='bbox 1751 4484 1925 4572; x_wconf 72' lang='lat' dir='ltr'>inserunt3</span> <span class='ocrx_word' id='word_1_431' title='bbox 1963 4481 2024 4557; x_wconf 92' lang='lat' dir='ltr'>hic</span> <span class='ocrx_word' id='word_1_432' title='bbox 2051 4512 2141 4581; x_wconf 75' lang='lat' dir='ltr'>pene</span> 
     </span>
     <span class='ocr_line' id='line_1_43' title="bbox 1149 4569 2143 4680; baseline 0.01 -31"><span class='ocrx_word' id='word_1_433' title='bbox 1149 4579 1247 4649; x_wconf 90' lang='lat' dir='ltr'>civili</span> <span class='ocrx_word' id='word_1_434' title='bbox 1262 4578 1358 4649; x_wconf 89' lang='lat' dir='ltr'>bello</span> <span class='ocrx_word' id='word_1_435' title='bbox 1374 4579 1485 4656; x_wconf 71' lang='lat' dir='ltr'>ardet.</span> <span class='ocrx_word' id='word_1_436' title='bbox 1531 4569 1695 4654; x_wconf 80' lang='lat' dir='ltr'>Carolus</span> <span class='ocrx_word' id='word_1_437' title='bbox 1712 4579 1908 4677; x_wconf 87' lang='lat' dir='ltr'>imperator</span> <span class='ocrx_word' id='word_1_438' title='bbox 1920 4585 2063 4680; x_wconf 89' lang='lat' dir='ltr'>Spiram</span> <span class='ocrx_word' id='word_1_439' title='bbox 2081 4615 2143 4659; x_wconf 86' lang='lat' dir='ltr'>ve-</span> 
     </span>
     <span class='ocr_line' id='line_1_44' title="bbox 1149 4673 2142 4784; baseline 0.013 -34"><span class='ocrx_word' id='word_1_440' title='bbox 1149 4679 1242 4752; x_wconf 89' lang='lat' dir='ltr'>nisse</span> <span class='ocrx_word' id='word_1_441' title='bbox 1255 4673 1453 4776; x_wconf 77' lang='lat' dir='ltr'>dicitur*),</span> <span class='ocrx_word' id='word_1_442' title='bbox 1483 4695 1520 4754; x_wconf 89' lang='lat' dir='ltr'>et</span> <span class='ocrx_word' id='word_1_443' title='bbox 1533 4685 1578 4754; x_wconf 88' lang='lat' dir='ltr'>ad</span> <span class='ocrx_word' id='word_1_444' title='bbox 1596 4681 1789 4758; x_wconf 85' lang='lat' dir='ltr'>luliacense</span> <span class='ocrx_word' id='word_1_445' title='bbox 1805 4687 1940 4760; x_wconf 91' lang='lat' dir='ltr'>bellum</span> <span class='ocrx_word' id='word_1_446' title='bbox 1962 4705 2142 4784; x_wconf 87' lang='lat' dir='ltr'>properat.</span> 
     </span>
    </p>
   </div>
   <div class='ocr_carea' id='block_1_7' title="bbox 1138 1226 2132 1835">
    <p class='ocr_par' dir='ltr' id='par_1_8' title="bbox 1138 1226 2132 1835">
     <span class='ocr_line' id='line_1_45' title="bbox 1426 1226 2131 1334; baseline 0.026 -44"><span class='ocrx_word' id='word_1_447' title='bbox 1426 1245 1584 1294; x_wconf 90' lang='lat' dir='ltr'>mensem</span> <span class='ocrx_word' id='word_1_448' title='bbox 1613 1226 1795 1302; x_wconf 88' lang='lat' dir='ltr'>absolutus</span> <span class='ocrx_word' id='word_1_449' title='bbox 1824 1231 1895 1306; x_wconf 88' lang='lat' dir='ltr'>luit</span> <span class='ocrx_word' id='word_1_450' title='bbox 1918 1233 2029 1324; x_wconf 90' lang='lat' dir='ltr'>liber,</span> <span class='ocrx_word' id='word_1_451' title='bbox 2067 1237 2131 1334; x_wconf 91' lang='lat' dir='ltr'>qui</span> 
     </span>
     <span class='ocr_line' id='line_1_46' title="bbox 1138 1321 2131 1412; baseline 0.015 -19"><span class='ocrx_word' id='word_1_452' title='bbox 1138 1321 1296 1394; x_wconf 90' lang='lat' dir='ltr'>continet</span> <span class='ocrx_word' id='word_1_453' title='bbox 1309 1323 1461 1394; x_wconf 82' lang='lat' dir='ltr'>formam</span> <span class='ocrx_word' id='word_1_454' title='bbox 1476 1327 1732 1402; x_wconf 86' lang='lat' dir='ltr'>emendationis</span> <span class='ocrx_word' id='word_1_455' title='bbox 1747 1332 1983 1412; x_wconf 88' lang='lat' dir='ltr'>ecclesiarum.</span> <span class='ocrx_word' id='word_1_456' title='bbox 2025 1335 2131 1412; x_wconf 73' lang='lat' dir='ltr'>Post-</span> 
     </span>
     <span class='ocr_line' id='line_1_47' title="bbox 1138 1423 2132 1530; baseline 0.021 -36"><span class='ocrx_word' id='word_1_457' title='bbox 1138 1447 1179 1495; x_wconf 90' lang='lat' dir='ltr'>ea</span> <span class='ocrx_word' id='word_1_458' title='bbox 1196 1449 1253 1495; x_wconf 90' lang='lat' dir='ltr'>me</span> <span class='ocrx_word' id='word_1_459' title='bbox 1274 1425 1424 1496; x_wconf 90' lang='lat' dir='ltr'>retinuit</span> <span class='ocrx_word' id='word_1_460' title='bbox 1438 1423 1653 1520; x_wconf 88' lang='lat' dir='ltr'>Episcopus,</span> <span class='ocrx_word' id='word_1_461' title='bbox 1684 1445 1726 1504; x_wconf 91' lang='lat' dir='ltr'>ut</span> <span class='ocrx_word' id='word_1_462' title='bbox 1749 1457 1820 1506; x_wconf 87' lang='lat' dir='ltr'>uua</span> <span class='ocrx_word' id='word_1_463' title='bbox 1843 1435 1977 1508; x_wconf 90' lang='lat' dir='ltr'>librum</span> <span class='ocrx_word' id='word_1_464' title='bbox 2000 1439 2132 1530; x_wconf 88' lang='lat' dir='ltr'>legeret</span> 
     </span>
     <span class='ocr_line' id='line_1_48' title="bbox 1138 1520 2132 1630; baseline 0.018 -34"><span class='ocrx_word' id='word_1_465' title='bbox 1138 1520 1309 1598; x_wconf 87' lang='lat' dir='ltr'>adhibitis</span> <span class='ocrx_word' id='word_1_466' title='bbox 1329 1527 1486 1599; x_wconf 73' lang='lat' dir='ltr'>delectis</span> <span class='ocrx_word' id='word_1_467' title='bbox 1515 1531 1737 1604; x_wconf 84' lang='lat' dir='ltr'>consiliariis.</span> <span class='ocrx_word' id='word_1_468' title='bbox 1791 1533 1939 1628; x_wconf 87' lang='lat' dir='ltr'>Legitur</span> <span class='ocrx_word' id='word_1_469' title='bbox 1961 1557 2132 1630; x_wconf 89' lang='lat' dir='ltr'>accurate,</span> 
     </span>
     <span class='ocr_line' id='line_1_49' title="bbox 1140 1627 2130 1726; baseline 0.018 -28"><span class='ocrx_word' id='word_1_470' title='bbox 1140 1641 1173 1700; x_wconf 86' lang='lat' dir='ltr'>et</span> <span class='ocrx_word' id='word_1_471' title='bbox 1189 1629 1234 1700; x_wconf 89' lang='lat' dir='ltr'>de</span> <span class='ocrx_word' id='word_1_472' title='bbox 1248 1627 1397 1718; x_wconf 86' lang='lat' dir='ltr'>singulis</span> <span class='ocrx_word' id='word_1_473' title='bbox 1412 1629 1571 1702; x_wconf 87' lang='lat' dir='ltr'>articulis</span> <span class='ocrx_word' id='word_1_474' title='bbox 1591 1635 1786 1726; x_wconf 87' lang='lat' dir='ltr'>prudenter</span> <span class='ocrx_word' id='word_1_475' title='bbox 1804 1651 1839 1709; x_wconf 90' lang='lat' dir='ltr'>et</span> <span class='ocrx_word' id='word_1_476' title='bbox 1862 1642 1998 1714; x_wconf 88' lang='lat' dir='ltr'>erudite</span> <span class='ocrx_word' id='word_1_477' title='bbox 2019 1644 2130 1716; x_wconf 89' lang='lat' dir='ltr'>disse-</span> 
     </span>
     <span class='ocr_line' id='line_1_50' title="bbox 1139 1729 2130 1835; baseline 0.018 -34"><span class='ocrx_word' id='word_1_478' title='bbox 1139 1729 1230 1817; x_wconf 91' lang='lat' dir='ltr'>ruit,</span> <span class='ocrx_word' id='word_1_479' title='bbox 1256 1753 1336 1818; x_wconf 84' lang='lat' dir='ltr'>cum</span> <span class='ocrx_word' id='word_1_480' title='bbox 1357 1731 1500 1824; x_wconf 89' lang='lat' dir='ltr'>quidem</span> <span class='ocrx_word' id='word_1_481' title='bbox 1517 1733 1562 1802; x_wconf 91' lang='lat' dir='ltr'>ad</span> <span class='ocrx_word' id='word_1_482' title='bbox 1577 1759 1724 1808; x_wconf 89' lang='lat' dir='ltr'>manum</span> <span class='ocrx_word' id='word_1_483' title='bbox 1738 1731 1883 1812; x_wconf 88' lang='lat' dir='ltr'>haberet</span> <span class='ocrx_word' id='word_1_484' title='bbox 1897 1743 2052 1835; x_wconf 86' lang='lat' dir='ltr'>positum</span> <span class='ocrx_word' id='word_1_485' title='bbox 2068 1771 2130 1818; x_wconf 91' lang='lat' dir='ltr'>co-</span> 
     </span>
    </p>
   </div>
   <div class='ocr_carea' id='block_1_8' title="bbox 1140 2035 2132 2238">
    <p class='ocr_par' dir='ltr' id='par_1_9' title="bbox 1140 2035 2132 2238">
     <span class='ocr_line' id='line_1_51' title="bbox 1140 2035 2132 2142; baseline 0.016 -35"><span class='ocrx_word' id='word_1_486' title='bbox 1140 2035 1343 2108; x_wconf 89' lang='lat' dir='ltr'>testimonia</span> <span class='ocrx_word' id='word_1_487' title='bbox 1365 2037 1584 2132; x_wconf 87' lang='lat' dir='ltr'>requirebat,</span> <span class='ocrx_word' id='word_1_488' title='bbox 1621 2053 1664 2112; x_wconf 91' lang='lat' dir='ltr'>ut</span> <span class='ocrx_word' id='word_1_489' title='bbox 1686 2044 1942 2133; x_wconf 89' lang='lat' dir='ltr'>consideraret,</span> <span class='ocrx_word' id='word_1_490' title='bbox 1981 2071 2028 2120; x_wconf 92' lang='lat' dir='ltr'>an</span> <span class='ocrx_word' id='word_1_491' title='bbox 2051 2047 2132 2142; x_wconf 88' lang='lat' dir='ltr'>apte</span> 
     </span>
     <span class='ocr_line' id='line_1_52' title="bbox 1141 2136 2131 2238; baseline 0.016 -30"><span class='ocrx_word' id='word_1_492' title='bbox 1141 2137 1246 2208; x_wconf 86' lang='lat' dir='ltr'>citata</span> <span class='ocrx_word' id='word_1_493' title='bbox 1274 2151 1399 2214; x_wconf 88' lang='lat' dir='ltr'>essent.</span> <span class='ocrx_word' id='word_1_494' title='bbox 1457 2136 1649 2236; x_wconf 88' lang='lat' dir='ltr'>Postquam</span> <span class='ocrx_word' id='word_1_495' title='bbox 1677 2136 1763 2216; x_wconf 91' lang='lat' dir='ltr'>huic</span> <span class='ocrx_word' id='word_1_496' title='bbox 1790 2149 2025 2238; x_wconf 88' lang='lat' dir='ltr'>recognitioni</span> <span class='ocrx_word' id='word_1_497' title='bbox 2053 2153 2131 2224; x_wconf 89' lang='lat' dir='ltr'>dies</span> 
     </span>
    </p>
   </div>
   <div class='ocr_carea' id='block_1_9' title="bbox 1141 2340 2190 2748">
    <p class='ocr_par' dir='ltr' id='par_1_10' title="bbox 1141 2340 2190 2748">
     <span class='ocr_line' id='line_1_53' title="bbox 1141 2340 2133 2436; baseline 0.015 -24"><span class='ocrx_word' id='word_1_498' title='bbox 1141 2362 1198 2412; x_wconf 92' lang='lat' dir='ltr'>ras</span> <span class='ocrx_word' id='word_1_499' title='bbox 1219 2340 1429 2424; x_wconf 89' lang='lat' dir='ltr'>matutinas,</span> <span class='ocrx_word' id='word_1_500' title='bbox 1461 2343 1620 2436; x_wconf 89' lang='lat' dir='ltr'>permisit</span> <span class='ocrx_word' id='word_1_501' title='bbox 1640 2341 1752 2434; x_wconf 90' lang='lat' dir='ltr'>mibi,</span> <span class='ocrx_word' id='word_1_502' title='bbox 1768 2361 1825 2422; x_wconf 79' lang='lat' dir='ltr'>‘ut</span> <span class='ocrx_word' id='word_1_503' title='bbox 1845 2375 1968 2424; x_wconf 89' lang='lat' dir='ltr'>rursus</span> <span class='ocrx_word' id='word_1_504' title='bbox 1987 2354 2055 2426; x_wconf 91' lang='lat' dir='ltr'>iter</span> <span class='ocrx_word' id='word_1_505' title='bbox 2073 2356 2133 2426; x_wconf 87' lang='lat' dir='ltr'>in-</span> 
     </span>
     <span class='ocr_line' id='line_1_54' title="bbox 1141 2441 2134 2548; baseline 0.018 -37"><span class='ocrx_word' id='word_1_506' title='bbox 1141 2441 1305 2535; x_wconf 83' lang='lat' dir='ltr'>grederer</span> <span class='ocrx_word' id='word_1_507' title='bbox 1322 2445 1470 2514; x_wconf 89' lang='lat' dir='ltr'>domum</span> <span class='ocrx_word' id='word_1_508' title='bbox 1485 2445 1675 2520; x_wconf 87' lang='lat' dir='ltr'>rediturus.</span> <span class='ocrx_word' id='word_1_509' title='bbox 1725 2448 1796 2523; x_wconf 89' lang='lat' dir='ltr'>Sed</span> <span class='ocrx_word' id='word_1_510' title='bbox 1813 2453 1982 2526; x_wconf 87' lang='lat' dir='ltr'>nobilitas</span> <span class='ocrx_word' id='word_1_511' title='bbox 1998 2457 2134 2548; x_wconf 88' lang='lat' dir='ltr'>petivit,</span> 
     </span>
     <span class='ocr_line' id='line_1_55' title="bbox 1141 2549 2135 2648; baseline 0.019 -34"><span class='ocrx_word' id='word_1_512' title='bbox 1141 2567 1188 2616; x_wconf 89' lang='lat' dir='ltr'>ne</span> <span class='ocrx_word' id='word_1_513' title='bbox 1219 2557 1301 2616; x_wconf 88' lang='lat' dir='ltr'>ante</span> <span class='ocrx_word' id='word_1_514' title='bbox 1332 2558 1548 2618; x_wconf 83' lang='lat' dir='ltr'>conventum</span> <span class='ocrx_word' id='word_1_515' title='bbox 1579 2549 1727 2627; x_wconf 89' lang='lat' dir='ltr'>abirem.</span> <span class='ocrx_word' id='word_1_516' title='bbox 1784 2549 1907 2625; x_wconf 88' lang='lat' dir='ltr'>Mansi</span> <span class='ocrx_word' id='word_1_517' title='bbox 1932 2556 2061 2648; x_wconf 88' lang='lat' dir='ltr'>igitur,</span> <span class='ocrx_word' id='word_1_518' title='bbox 2098 2572 2135 2632; x_wconf 90' lang='lat' dir='ltr'>et</span> 
     </span>
     <span class='ocr_line' id='line_1_56' title="bbox 1142 2641 2190 2748; baseline 0.015 -30"><span class='ocrx_word' id='word_1_519' title='bbox 1142 2643 1336 2718; x_wconf 86' lang='lat' dir='ltr'>certamina</span> <span class='ocrx_word' id='word_1_520' title='bbox 1356 2671 1438 2718; x_wconf 90' lang='lat' dir='ltr'>eum</span> <span class='ocrx_word' id='word_1_521' title='bbox 1454 2641 1619 2748; x_wconf 83' lang='lat' dir='ltr'>Gropero</span> <span class='ocrx_word' id='word_1_522' title='bbox 1642 2663 1795 2745; x_wconf 86' lang='lat' dir='ltr'>expecto.</span> <span class='ocrx_word' id='word_1_523' title='bbox 1845 2653 2018 2746; x_wconf 86' lang='lat' dir='ltr'>Comites,</span> <span class='ocrx_word' id='word_1_524' title='bbox 2043 2663 2134 2732; x_wconf 91' lang='lat' dir='ltr'>ordo</span> <span class='ocrx_word' id='word_1_525' title='bbox 2184 2667 2190 2686; x_wconf 95' lang='grc'><em>’</em></span> 
     </span>
    </p>
   </div>
   <div class='ocr_carea' id='block_1_10' title="bbox 110 4617 1381 5014">
    <p class='ocr_par' dir='ltr' id='par_1_11' title="bbox 110 4617 1381 5014">
     <span class='ocr_line' id='line_1_57' title="bbox 203 4617 1100 4697; baseline 0.001 -2"><span class='ocrx_word' id='word_1_526' title='bbox 203 4621 325 4695; x_wconf 88' lang='lat' dir='ltr'>Habes</span> <span class='ocrx_word' id='word_1_527' title='bbox 349 4618 536 4694; x_wconf 86' lang='lat' dir='ltr'>historiam</span> <span class='ocrx_word' id='word_1_528' title='bbox 559 4636 754 4696; x_wconf 88' lang='lat' dir='ltr'>conventus</span> <span class='ocrx_word' id='word_1_529' title='bbox 784 4617 989 4694; x_wconf 91' lang='lat' dir='ltr'>inchoatam</span> <span class='ocrx_word' id='word_1_530' title='bbox 1018 4637 1100 4697; x_wconf 87' lang='lat' dir='ltr'>tan-</span> 
     </span>
     <span class='ocr_line' id='line_1_58' title="bbox 110 4723 1100 4820; baseline 0 -24"><span class='ocrx_word' id='word_1_531' title='bbox 110 4738 195 4802; x_wconf 88' lang='lat' dir='ltr'>tum.</span> <span class='ocrx_word' id='word_1_532' title='bbox 248 4723 341 4798; x_wconf 87' lang='lat' dir='ltr'>Nam</span> <span class='ocrx_word' id='word_1_533' title='bbox 366 4739 448 4798; x_wconf 86' lang='lat' dir='ltr'>ante</span> <span class='ocrx_word' id='word_1_534' title='bbox 470 4725 578 4796; x_wconf 87' lang='lat' dir='ltr'>linem</span> <span class='ocrx_word' id='word_1_535' title='bbox 599 4727 820 4818; x_wconf 90' lang='lat' dir='ltr'>plura-nunc</span> <span class='ocrx_word' id='word_1_536' title='bbox 842 4726 988 4820; x_wconf 88' lang='lat' dir='ltr'>quidem</span> <span class='ocrx_word' id='word_1_537' title='bbox 1011 4727 1100 4796; x_wconf 89' lang='lat' dir='ltr'>scri-</span> 
     </span>
     <span class='ocr_line' id='line_1_59' title="bbox 110 4824 1381 4920; baseline 0 -22"><span class='ocrx_word' id='word_1_538' title='bbox 110 4827 189 4898; x_wconf 89' lang='lat' dir='ltr'>bere</span> <span class='ocrx_word' id='word_1_539' title='bbox 202 4851 278 4900; x_wconf 90' lang='lat' dir='ltr'>nou</span> <span class='ocrx_word' id='word_1_540' title='bbox 291 4841 462 4920; x_wconf 87' lang='lat' dir='ltr'>poteram.</span> <span class='ocrx_word' id='word_1_541' title='bbox 510 4824 827 4899; x_wconf 84' lang='lat' dir='ltr'>Deumaeternum</span> <span class='ocrx_word' id='word_1_542' title='bbox 848 4839 985 4919; x_wconf 88' lang='lat' dir='ltr'>patrem</span> <span class='ocrx_word' id='word_1_543' title='bbox 1005 4827 1100 4900; x_wconf 80' lang='lat' dir='ltr'>libe-</span> <span class='ocrx_word' id='word_1_544' title='bbox 1152 4865 1381 4886; x_wconf 88' lang='grc'>---</span> 
     </span>
     <span class='ocr_line' id='line_1_60' title="bbox 111 4923 1099 5014; baseline 0 -14"><span class='ocrx_word' id='word_1_545' title='bbox 111 4931 234 5002; x_wconf 87' lang='lat' dir='ltr'>ratoris</span> <span class='ocrx_word' id='word_1_546' title='bbox 247 4929 361 5001; x_wconf 86' lang='lat' dir='ltr'>nostri</span> <span class='ocrx_word' id='word_1_547' title='bbox 376 4927 455 5000; x_wconf 89' lang='lat' dir='ltr'>lesn</span> <span class='ocrx_word' id='word_1_548' title='bbox 471 4923 606 5002; x_wconf 89' lang='lat' dir='ltr'>Christi</span> <span class='ocrx_word' id='word_1_549' title='bbox 621 4953 705 5014; x_wconf 87' lang='lat' dir='ltr'>oro,</span> <span class='ocrx_word' id='word_1_550' title='bbox 728 4941 770 5000; x_wconf 92' lang='lat' dir='ltr'>ut</span> <span class='ocrx_word' id='word_1_551' title='bbox 783 4941 819 5000; x_wconf 91' lang='lat' dir='ltr'>te</span> <span class='ocrx_word' id='word_1_552' title='bbox 832 4929 896 5000; x_wconf 87' lang='lat' dir='ltr'>diu</span> <span class='ocrx_word' id='word_1_553' title='bbox 911 4943 1026 5002; x_wconf 83' lang='lat' dir='ltr'>servet</span> <span class='ocrx_word' id='word_1_554' title='bbox 1039 4931 1099 5000; x_wconf 87' lang='lat' dir='ltr'>in-</span> 
     </span>
    </p>
   </div>
   <div class='ocr_carea' id='block_1_11' title="bbox 111 4979 2139 5132">
    <p class='ocr_par' dir='ltr' id='par_1_12' title="bbox 111 4979 2139 5132">
     <span class='ocr_line' id='line_1_61' title="bbox 111 4979 2139 5132; baseline 0.007 -30"><span class='ocrx_word' id='word_1_555' title='bbox 111 5031 301 5117; x_wconf 88' lang='lat' dir='ltr'>columem,</span> <span class='ocrx_word' id='word_1_556' title='bbox 321 5025 449 5126; x_wconf 89' lang='lat' dir='ltr'>rneque</span> <span class='ocrx_word' id='word_1_557' title='bbox 461 5031 527 5102; x_wconf 89' lang='lat' dir='ltr'>tibi</span> <span class='ocrx_word' id='word_1_558' title='bbox 542 5043 584 5104; x_wconf 89' lang='lat' dir='ltr'>ut</span> <span class='ocrx_word' id='word_1_559' title='bbox 596 5029 735 5122; x_wconf 88' lang='lat' dir='ltr'>parenti</span> <span class='ocrx_word' id='word_1_560' title='bbox 748 5033 970 5108; x_wconf 87' lang='lat' dir='ltr'>commendo.</span> <span class='ocrx_word' id='word_1_561' title='bbox 1000 5029 1098 5106; x_wconf 85' lang='lat' dir='ltr'>Bene</span> <span class='ocrx_word' id='word_1_562' title='bbox 1181 4984 1209 5050; x_wconf 72' lang='lat'>¹)</span> <span class='ocrx_word' id='word_1_563' title='bbox 1227 4979 1725 5132; x_wconf 49' lang='lat' dir='ltr'>Callanq&#39;dhismisffiisffidllle</span> <span class='ocrx_word' id='word_1_564' title='bbox 1744 4983 2049 5112; x_wconf 43' lang='lat' dir='ltr'>hildilid&amp;</span> <span class='ocrx_word' id='word_1_565' title='bbox 2066 4989 2139 5116; x_wconf 55' lang='lat' dir='ltr'>gl}</span> 
     </span>
    </p>
   </div>
   <div class='ocr_carea' id='block_1_12' title="bbox 112 5121 2135 5329">
    <p class='ocr_par' dir='ltr' id='par_1_13' title="bbox 112 5121 2135 5329">
     <span class='ocr_line' id='line_1_62' title="bbox 112 5121 1745 5208; baseline -0.005 -6"><span class='ocrx_word' id='word_1_566' title='bbox 112 5133 184 5204; x_wconf 79' lang='lat' dir='ltr'>vale</span> <span class='ocrx_word' id='word_1_567' title='bbox 226 5131 296 5206; x_wconf 88' lang='lat' dir='ltr'>Die</span> <span class='ocrx_word' id='word_1_568' title='bbox 311 5129 508 5208; x_wconf 78' lang='lat' dir='ltr'>1acobi24.</span> <span class='ocrx_word' id='word_1_569' title='bbox 522 5130 673 5206; x_wconf 87' lang='lat' dir='ltr'>Bonnae</span> <span class='ocrx_word' id='word_1_570' title='bbox 714 5127 824 5204; x_wconf 83' lang='lat' dir='ltr'>Anno</span> <span class='ocrx_word' id='word_1_571' title='bbox 841 5131 940 5206; x_wconf 74' lang='grc'>1648</span> <span class='ocrx_word' id='word_1_572' title='bbox 1225 5129 1283 5174; x_wconf 75' lang='lat'>‘⁰¹²</span> <span class='ocrx_word' id='word_1_573' title='bbox 1297 5129 1364 5173; x_wconf 76' lang='lat'>²¹¹⁰</span> <span class='ocrx_word' id='word_1_574' title='bbox 1377 5121 1664 5189; x_wconf 71' lang='lat' dir='ltr'>uouemeonmm</span> <span class='ocrx_word' id='word_1_575' title='bbox 1678 5141 1745 5179; x_wconf 72' lang='lat' dir='ltr'>ms.</span> 
     </span>
     <span class='ocr_line' id='line_1_63' title="bbox 191 5181 2135 5329; baseline -0.004 -54"><span class='ocrx_word' id='word_1_576' title='bbox 191 5189 202 5220; x_wconf 62' lang='lat'>²</span> <span class='ocrx_word' id='word_1_577' title='bbox 471 5275 482 5298; x_wconf 31' lang='lat' dir='ltr'>x</span> <span class='ocrx_word' id='word_1_578' title='bbox 621 5267 625 5274; x_wconf 84' lang='grc'><strong><em>,</em></strong></span> <span class='ocrx_word' id='word_1_579' title='bbox 679 5181 691 5216; x_wconf 67' lang='grc'><strong>’</strong></span> <span class='ocrx_word' id='word_1_580' title='bbox 941 5183 952 5210; x_wconf 72' lang='lat'><em>⁰</em></span> <span class='ocrx_word' id='word_1_581' title='bbox 1179 5203 1275 5329; x_wconf 56' lang='grc' dir='ltr'>ἣξιιι</span> <span class='ocrx_word' id='word_1_582' title='bbox 1289 5199 1569 5326; x_wconf 38' lang='lat' dir='ltr'>&#39;quqpsauiqecodices</span> <span class='ocrx_word' id='word_1_583' title='bbox 1611 5201 1683 5259; x_wconf 87' lang='lat' dir='ltr'>Puto</span> <span class='ocrx_word' id='word_1_584' title='bbox 1701 5205 1977 5280; x_wconf 62' lang='lat' dir='ltr'>suppbsdun&#39;esset</span> <span class='ocrx_word' id='word_1_585' title='bbox 2004 5212 2135 5278; x_wconf 76' lang='lat' dir='ltr'>adderet,</span> 
     </span>
    </p>
   </div>
   <div class='ocr_carea' id='block_1_13' title="bbox 1180 5351 1650 5432">
    <p class='ocr_par' dir='ltr' id='par_1_14' title="bbox 1180 5351 1650 5432">
     <span class='ocr_line' id='line_1_64' title="bbox 1180 5351 1650 5432; baseline 0.004 -21"><span class='ocrx_word' id='word_1_586' title='bbox 1180 5355 1210 5432; x_wconf 80' lang='lat'>²¹¹)</span> <span class='ocrx_word' id='word_1_587' title='bbox 1229 5353 1309 5414; x_wconf 81' lang='lat' dir='ltr'>Venit</span> <span class='ocrx_word' id='word_1_588' title='bbox 1321 5351 1429 5424; x_wconf 74' lang='lat' dir='ltr'>spiram</span> <span class='ocrx_word' id='word_1_589' title='bbox 1443 5362 1556 5412; x_wconf 74' lang='lat' dir='ltr'>exeunte</span> <span class='ocrx_word' id='word_1_590' title='bbox 1568 5351 1650 5414; x_wconf 79' lang='lat' dir='ltr'>lulio.</span> 
     </span>
    </p>
   </div>
   <div class='ocr_carea' id='block_1_14' title="bbox 1283 5421 1367 5502">
    <p class='ocr_par' dir='ltr' id='par_1_15' title="bbox 1283 5421 1367 5502">
     <span class='ocr_line' id='line_1_65' title="bbox 1283 5421 1367 5502; baseline -0.024 0"><span class='ocrx_word' id='word_1_591' title='bbox 1283 5421 1367 5502; x_wconf 77' lang='lat'>10⁴</span> 
     </span>
    </p>
   </div>
   <div class='ocr_carea' id='block_1_15' title="bbox 0 0 2360 5796">
    <p class='ocr_par' dir='ltr' id='par_1_16' title="bbox 0 0 2360 5796">
     <span class='ocr_line' id='line_1_66' title="bbox 0 0 2360 5796; baseline 0 0"><span class='ocrx_word' id='word_1_592' title='bbox 0 0 2360 5796; x_wconf 95' lang='lat' dir='ltr'> </span> 
     </span>
    </p>
   </div>
   <div class='ocr_carea' id='block_1_16' title="bbox 1141 2238 2265 2349">
    <p class='ocr_par' dir='ltr' id='par_1_17' title="bbox 1141 2238 2265 2349">
     <span class='ocr_line' id='line_1_67' title="bbox 1141 2238 2265 2349; baseline 0.016 -40"><span class='ocrx_word' id='word_1_593' title='bbox 1141 2261 1200 2309; x_wconf 84' lang='lat' dir='ltr'>sex</span> <span class='ocrx_word' id='word_1_594' title='bbox 1215 2238 1479 2326; x_wconf 86' lang='lat' dir='ltr'>tribuissemus,</span> <span class='ocrx_word' id='word_1_595' title='bbox 1509 2255 1544 2312; x_wconf 89' lang='lat' dir='ltr'>et</span> <span class='ocrx_word' id='word_1_596' title='bbox 1563 2243 1713 2335; x_wconf 89' lang='lat' dir='ltr'>singulis</span> <span class='ocrx_word' id='word_1_597' title='bbox 1736 2246 1861 2320; x_wconf 90' lang='lat' dir='ltr'>diebus</span> <span class='ocrx_word' id='word_1_598' title='bbox 1883 2251 2010 2345; x_wconf 90' lang='lat' dir='ltr'>quinas</span> <span class='ocrx_word' id='word_1_599' title='bbox 2018 2247 2045 2349; x_wconf 91' lang='lat'>¹)</span> <span class='ocrx_word' id='word_1_600' title='bbox 2063 2249 2133 2325; x_wconf 87' lang='lat' dir='ltr'>ho-</span> <span class='ocrx_word' id='word_1_601' title='bbox 2264 2293 2265 2296; x_wconf 37' lang='lat'>¹</span> 
     </span>
    </p>
   </div>
  </div>
 </body>
</html>
