4722 5808
103 331 185 407 s1r
683 315 1118 398 urtsrooauuu
1174 313 1283 396 n1o.
1315 296 1390 396 tx.
1433 313 1565 396 ists.
2072 319 2149 394 s1s

105 520 204 598 ptam
219 527 291 576 esse
308 516 342 574 et
356 495 622 596 philosophice,
639 497 699 566 sed
717 495 932 588 scripsissem
946 491 1103 576 uberius,
1150 502 1186 560 et
1206 491 1252 561 de
1272 490 1368 560 vitae
1389 491 1592 576 doctrinae,
1618 490 1691 562 imo
1715 490 1820 562 etiam
1835 491 1880 562 de
1901 491 1965 564 illo
1981 493 2058 586 ipso
2077 495 2145 565 do-

106 609 180 678 nisi
197 603 264 679 hoc
279 591 346 676 iter
362 603 528 695 abrumpi
550 596 753 672 inchoatam
767 597 952 668 materiam
970 593 1103 686 coegis-
1151 591 1285 663 rtrinae
1300 613 1446 680 genem
1468 592 1507 662 in
1522 617 1593 687 quo
1608 617 1644 663 se
1661 595 1766 680 deus,
1784 607 1949 666 aeternus
1964 609 2064 688 pater
2078 599 2143 666 do·

105 725 171 782 set.
223 705 321 779 Bene
334 707 424 782 vale.
450 707 487 782 2.
503 696 719 796 Augusti⁸).
1149 693 1241 764 mini
1273 694 1389 766 nostri
1419 692 1500 765 lesu
1530 691 1665 768 Christi
1703 695 1901 766 illustribus
1930 697 2143 768 testimoniis

619 814 808 910 Philippus
826 807 1054 886 Melanthon.
1150 797 1331 886 patefecit,
1354 819 1500 887 magnae
1513 797 1727 868 iudiciomm
1744 797 2051 868 dissimilitudines
2066 800 2145 870 lue-

1150 911 1247 972 runt.
1298 895 1419 988 Quare
1444 901 1490 969 de
1511 901 1666 986 artibus,
1691 922 1766 968 non
1786 923 1828 969 ex
1848 902 2009 972 omnium
2024 924 2145 972 exem-

1151 999 1219 1092 plis
1235 1000 1299 1094 qui
1322 1023 1379 1070 eas
1402 1015 1653 1081 contemnunt,
1680 1003 1741 1072 sed
1757 1023 1798 1070 ex
1816 1001 1927 1070 firmis
1943 1003 2143 1074 rationibus

1150 1114 1184 1171 et
1198 1102 1411 1172 testimoniis
1426 1103 1658 1173 iudicandum
1682 1116 1744 1176 est.
1795 1099 1849 1173 Ac
1869 1115 1910 1173 ut
1930 1105 1975 1174 de
1996 1105 2142 1176 caeteris

106 1232 178 1307 No·
190 1228 304 1307 3241.
984 1227 1040 1306 (h,
1055 1224 1102 1304 g)
1150 1204 1287 1274 artibus
1300 1227 1375 1274 non
1389 1203 1523 1290 dicam,
1547 1206 1638 1276 duae
1658 1217 1742 1277 sunt
1765 1219 1882 1296 partes
1896 1205 2077 1277 doctrinae
2098 1207 2143 1276 de

115 1328 289 1358 ...m
964 1317 1102 1342 Μ
1151 1305 1270 1389 astris,
1302 1329 1454 1398 quarum
1472 1307 1582 1376 altera
1614 1307 1825 1379 certissimas
1855 1305 1947 1398 leges
1975 1323 2140 1379 motuum

480 1417 711 1530 Praefatio
1150 1407 1322 1492 ostendit,
1353 1408 1462 1478 altera
1484 1403 1645 1502 μαντικὴ
1667 1433 1728 1478 seu
1751 1407 1943 1480 divinatrix
1965 1422 2141 1482 monstrat

464 1581 503 1636 lv
559 1580 625 1635 1558
712 1483 782 1634 'm
879 1576 928 1632 m
1012 1575 1101 1628 tcum
1150 1507 1307 1578 siderum
1330 1509 1474 1579 effectus
1497 1531 1559 1580 seo
1579 1507 1859 1600 significationes.
1916 1505 1997 1582 Etsi
2020 1523 2139 1581 autem

178 1587 348 1712 ⁰3⁰3?ssss
361 1583 456 1709 322¹,
467 1581 613 1704 ⁰01,ng
625 1581 750 1720 'egulfgg
780 1597 915 1702 Dedimui
924 1595 1008 1717 iffi,
1022 1593 1101 1714 ltet-
1149 1609 1250 1702 prior
1263 1633 1344 1701 pars
1360 1634 1402 1680 ex
1416 1611 1612 1682 manifestis
1627 1611 1989 1683 demonstrationibus
2002 1625 2139 1682 exstru-

210 1724 341 1780 ostonem
355 1739 373 1778 s
387 1719 548 1776 nectam-ts
561 1717 694 1775 Metnnth.
1150 1723 1205 1782 cta
1220 1725 1271 1782 est
1284 1723 1321 1782 et
1339 1712 1529 1785 utilitatem
1544 1707 1637 1784 hanc
1650 1713 1825 1804 insignem
1840 1727 1875 1784 et
1889 1713 2056 1784 omnibus
2071 1737 2140 1784 no-

1150 1825 1220 1882 tam
1238 1814 1414 1898 continet,
1428 1827 1469 1885 ut
1480 1816 1568 1884 anni
1586 1829 1694 1885 metas
1707 1828 1819 1886 certas
1836 1828 1870 1884 et
1884 1816 2038 1906 partium
2053 1815 2141 1886 anni

1150 1914 1558 2008 iustamdescriptionem
1575 1917 1706 1986 notatis
1723 1913 1956 2009 aequinoctiis
1972 1932 2006 1988 et
2020 1917 2142 1990 solsti-

1150 2016 1209 2086 tiis
1227 2027 1426 2086 teneamus:
1459 2031 1579 2087 tamen
1601 2041 1676 2088 eam
1699 2018 1804 2088 multi
1825 2033 1886 2088 aut
1905 2019 2045 2101 stolidi,
2079 2033 2141 2093 aut

109 2104 212 2200 Cum
228 2126 332 2197 initio
351 2125 439 2195 belli
451 2121 743 2214 Peloponnesiaci
759 2118 911 2189 Pericles
932 2119 1102 2188 instructa
1151 2117 1294 2210 superbi
1317 2133 1552 2211 aspernantur
1574 2133 1607 2190 et
1627 2119 1699 2188 sois
1716 2119 1883 2210 exemplis
1905 2121 1950 2190 ab
1971 2121 2033 2190 illa
2058 2145 2142 2191 eru·

110 2229 249 2319 ingenti
264 2229 373 2298 classe
386 2253 407 2296 a
425 2225 544 2295 littore
557 2225 739 2294 soluturus
754 2235 861 2301 esset,
884 2221 923 2289 in
947 2221 1010 2289 illo
1027 2220 1102 2310 ipso
1151 2217 1322 2289 ditissima
1338 2233 1435 2310 parte
1449 2215 1694 2314 philosophiae
1716 2221 1933 2291 iuventutem
1949 2221 2143 2298 abducunt.

113 2331 263 2401 articulo
289 2353 369 2404 cum
386 2328 425 2397 in
446 2349 545 2398 suam
561 2325 741 2394 triremem
757 2323 931 2406 ascendit,
956 2345 1104 2412 conspe·
1152 2318 1221 2392 Sed
1239 2315 1367 2390 horum
1391 2322 1523 2392 iudicia
1541 2323 1645 2393 etiam
1662 2323 1793 2392 divinis
1813 2322 2024 2393 testimoniis
2047 2325 2144 2394 relu-

114 2447 169 2504 cta
192 2445 247 2502 est
266 2444 363 2501 tanto
385 2429 470 2499 solis
487 2427 646 2518 eclipsis,
672 2439 713 2495 ut
728 2445 843 2516 paene
857 2425 1023 2494 tenebrae
1038 2443 1104 2491 no-
1151 2433 1284 2495 tantur.
1327 2419 1418 2491 Nam
1434 2447 1513 2492 cum
1529 2423 1697 2516 scriptum
1717 2425 1777 2504 sit:
1803 2419 1858 2492 Et
1875 2431 1980 2494 erunt
1995 2421 2143 2494 lomina

114 2547 261 2604 cturnae
285 2533 402 2602 medio
425 2531 485 2600 die
508 2529 695 2598 existerent
722 2540 758 2595 et
780 2526 900 2595 stellae
922 2524 1105 2616 conspice·
1153 2520 1192 2591 io
1218 2521 1351 2616 siguo,
1381 2531 1563 2620 temporo,
1597 2519 1674 2594 dies
1702 2535 1733 2595 et
1748 2546 1895 2608 ,annom
1927 2527 2145 2620 praecipitur

113 2649 249 2706 rentur.
301 2633 462 2703 Territus
484 2629 592 2719 igitur
612 2643 782 2722 tanquam
800 2626 961 2718 prodigio
976 2627 1106 2717 guber-
1153 2637 1245 2694 certe
1257 2626 1408 2716 aspersio
1427 2637 1462 2696 et
1475 2641 1636 2698 motuum
1653 2627 1862 2702 observatio.
1912 2623 2052 2700 Omitto
2067 2653 2146 2700 cae-

114 2749 239 2821 nator‚
264 2748 307 2806 ut
325 2735 465 2827 reliqua
486 2732 698 2814 multitudo,
730 2729 896 2820 navigare
920 2727 1105 2800 recusavit.
1153 2741 1249 2812 tera,
1285 2727 1329 2794 de
1351 2728 1455 2796 annis
1481 2729 1614 2815 dicam,
1647 2753 1800 2823 quorum
1828 2726 2002 2800 rationem
2032 2731 2146 2804 teneri

114 2837 185 2908 Hic
200 2837 352 2907 Pericles
372 2859 435 2907 seu
450 2857 532 2903 vere
549 2845 778 2902 contemnens
789 2843 966 2900 astrorum
981 2829 1108 2914 minas,
1154 2829 1240 2899 deus
1256 2827 1388 2915 voluit,
1411 2852 1457 2899 ne
1470 2846 1565 2902 retro
1583 2833 1775 2922 cogitantes
1792 2831 1892 2902 nulla
1909 2855 2029 2903 rerum
2043 2832 2146 2905 initia

116 2963 179 3009 seu
204 2939 377 3008 simulans
397 2936 649 3017 constantiam,
680 2955 728 3002 ne
750 2932 1007 3023 languefareret
1027 2929 1107 3000 ani·
1155 2929 1370 3000 constituere
1390 2953 1581 3020 possemus.
1634 2931 1759 3003 Voluit
1780 2933 1880 3014 sciri,
1906 2959 1996 3028 quae
2013 2935 2147 3008 doctri-

115 3063 194 3110 mos
209 3041 383 3124 militum,
400 3038 510 3130 pallio
527 3059 592 3106 suo
605 3035 693 3105 texit
706 3033 953 3122 gubernatoris
969 3033 1106 3117 oculos3
1155 3055 1201 3101 na
1217 3031 1373 3123 primum
1389 3034 1540 3103 revelata
1562 3033 1625 3117 sit,
1652 3057 1723 3127 quo
1747 3035 1874 3105 ordine
1894 3035 2147 3127 promissiones
2179 3122 2184 3130 Ι

117 3167 158 3212 ac
173 3143 280 3234 paulo
298 3153 380 3235 post
395 3152 530 3214 remoto
546 3137 672 3229 pallio,
698 3137 910 3225 interrogat,
934 3159 1022 3204 num
1038 3155 1107 3228 pu·
1154 3146 1365 3224 propagatae
1392 3135 1480 3220 sint3
1514 3135 1629 3206 voluit
1656 3135 1738 3205 sciri
1767 3151 1922 3226 tempus,
1952 3161 2023 3232 quo
2052 3137 2147 3210 lilius

116 3259 168 3316 tet
189 3243 325 3338 aliquid
349 3239 533 3333 portendi,
569 3239 665 3332 quod
687 3237 782 3306 oculi
806 3238 929 3326 exiguo
948 3251 1107 3326 tempore
1157 3235 1331 3304 mediator
1346 3233 1471 3306 missus
1488 3249 1557 3324 est,
1579 3237 1732 3330 denique
1747 3239 1972 3308 manifestum
1985 3239 2148 3312 omnium

117 3347 200 3417 terti
215 3345 367 3430 fuerint,
392 3361 457 3412 n'ec
470 3355 588 3412 tamen
608 3335 693 3408 laesi
709 3338 804 3407 sint?
851 3336 944 3408 Cum
959 3359 1107 3429 respon·
1155 3331 1385 3405 historiarum
1404 3338 1443 3406 in
1466 3339 1537 3408 vita
1556 3339 1678 3408 lumen
1702 3361 1773 3410 esse
1791 3351 1990 3432 temporum
2006 3339 2145 3412 seriem.

116 3448 226 3518 disset
240 3449 455 3537 gubernator
469 3445 512 3512 de
525 3441 655 3536 pallio,
678 3435 773 3508 nihil
795 3441 878 3509 mali
893 3463 985 3524 esse,
1011 3439 1106 3532 quod
1155 3435 1252 3506 Haec
1271 3437 1301 3505 si
1314 3459 1460 3528 magna,
1479 3454 1521 3511 'et
1536 3441 1641 3532 digna
1659 3441 1940 3512 consideratione
1960 3435 2148 3513 hominum

117 3549 268 3641 pallium
293 3547 471 3639 paulisper
491 3545 673 3614 admotum
690 3553 780 3611 esset
793 3542 925 3622 oculis,
951 3541 1019 3624 ita,
1051 3540 1108 3607 in·
1156 3540 1337 3624 ducimus,
1377 3565 1601 3636 nequaquam
1635 3543 1855 3636 aspernanda
1888 3543 1954 3614 erit
1984 3558 2147 3616 motuum

119 3652 199 3746 quit
214 3649 385 3734 Pericles,
410 3671 476 3716 nec
499 3645 565 3715 soli
590 3657 651 3713 aut
670 3655 818 3712 naturas
837 3665 956 3713 rerum
972 3641 1107 3734 aliquid
1156 3640 1328 3712 doctrina.

118 3753 206 3823 mali
222 3752 406 3835 accidisse,
432 3761 495 3818 aut
512 3745 701 3836 significari
717 3757 838 3836 putes,
864 3744 1001 3815 etiamsi
1023 3743 1108 3813 luna
1259 3741 1475 3837 Quanquam
1502 3767 1564 3834 rgo
1586 3744 1730 3840 quidem
1754 3745 1874 3816 nullos
1899 3769 2058 3842 unquam
2077 3743 2150 3844 Cy-

119 3857 159 3924 in
176 3877 256 3924 eom
274 3852 460 3922 incurrens
472 3849 653 3941 paulisper
664 3858 889 3937 conspectum
907 3846 983 3915 eius
993 3841 1112 3913 homi·
1159 3843 1275 3933 clopes
1307 3859 1379 3914 tam
1405 3845 1499 3914 feros
1526 3845 1633 3916 luisse
1660 3863 1765 3938 puto,
1796 3871 1912 3944 neque
1940 3851 2052 3921 ullam
2076 3863 2148 3924 tam

120 3959 229 4027 nibus
245 3955 448 4035 ademisset,
473 3975 512 4020 ac
529 3950 666 4019 solvere
681 3949 779 4018 iubet
794 3961 829 4017 et
843 3947 978 4018 bellum
998 3944 1112 4016 Grae-
1160 3939 1342 4014 horridam
1358 3946 1577 4034 barbariem,
1602 3973 1691 4040 qnae
1707 3973 1780 4018 non
1793 3952 1968 4020 mensium
1986 3965 2021 4023 et
2034 3975 2149 4022 anno-

120 4061 196 4130 ciae
216 4059 364 4139 inferre,
397 4051 535 4123 exitiale
558 4053 712 4142 primum
737 4049 888 4140 patriae,
919 4048 1048 4118 deinde
1077 4059 1113 4117 et
1161 4069 1239 4114 rum
1265 4044 1449 4117 intervalla
1476 4062 1511 4116 et
1533 4049 1642 4140 spatia
1662 4051 1792 4121 notarit
1811 4065 1845 4122 et
1859 4054 2058 4143 posteritati
2076 4065 2150 4122 trs-

119 4161 307 4233 universae
320 4156 478 4248 reliquae
495 4151 675 4222 Graeciae.
712 4146 1003 4241 Opinorautem,
1021 4150 1114 4218 mul·
1162 4147 1303 4220 diderit.
1353 4145 1615 4241 Turpissimum
1633 4165 1684 4221 est
1698 4151 1806 4243 igitur
1819 4154 1906 4225 viris
1922 4154 2056 4241 doctis,
2088 4153 2151 4248 qui

121 4279 178 4335 tos
200 4283 291 4342 esse,
316 4257 379 4352 qui
402 4257 549 4325 laudent
572 4249 638 4322 hoc
661 4253 833 4320 iudicium
857 4249 1027 4335 Periclis,
1053 4253 1112 4320 sed
1161 4251 1205 4318 ad
1225 4251 1460 4340 gubernacula
1477 4252 1691 4344 reipublicae
1707 4257 1850 4338 sedent,
1871 4251 1936 4326 has
1949 4260 2042 4327 artes
2055 4257 2152 4327 vitu·

122 4364 231 4435 nimis
248 4362 363 4434 tristes
385 4378 516 4448 poenas
528 4356 693 4425 universa
711 4347 862 4423 Graecia
884 4347 992 4421 huius
1006 4355 1114 4422 auda-
1163 4372 1303 4444 perare,
1335 4363 1369 4420 et
1394 4353 1439 4422 ab
1462 4375 1582 4422 earum
1606 4355 1733 4426 studiis
1758 4359 1850 4428 bona
1875 4357 2017 4448 ingenia
2036 4355 2152 4428 abdu-

120 4465 253 4537 cissimi
268 4451 392 4532 {ficticii
408 4459 518 4530 dedit.
1164 4477 1255 4522 cere:
1279 4473 1360 4520 cum
1374 4454 1514 4545 quidem
1531 4456 1603 4544 ipsa
1619 4457 1718 4527 curia
1731 4459 1769 4527 in
1786 4460 2018 4532 maximarum
2031 4483 2151 4530 rerum

224 4577 386 4670 Cumque
410 4575 570 4643 omniurn
596 4571 797 4641 seculorum
827 4571 993 4663 exemplis
1019 4593 1116 4640 com.
1164 4553 1498 4636 deliberationibus,
1541 4557 1683 4630 iudiciis
1710 4574 1744 4632 et
1763 4559 1885 4630 multis
1910 4559 1981 4630 fori
2002 4559 2152 4652 negotiis

123 4697 264 4776 pertum
292 4679 352 4760 sit,
377 4699 433 4745 res
454 4676 571 4745 tristes
596 4694 635 4742 ac
658 4672 813 4762 insignes
829 4671 1030 4758 civitatum,
1055 4687 1116 4742 aut
1164 4655 1322 4748 quotidie
1338 4655 1381 4765 ‘l‘
1396 4657 1547 4727 utilitate
1563 4657 1744 4731 doctrinae
1765 4663 1809 4732 de
1824 4663 1961 4736 ratione
1976 4682 2152 4734 annorum

122 4805 316 4874 regnorum
331 4778 472 4859 ruinas,
498 4759 598 4870 quasi
614 4774 824 4844 denunciari
844 4775 1020 4870 luminum
1036 4797 1115 4844 coe·
1163 4759 1361 4830 fldmfflt'ffll·
1883 4831 1888 4838 ,

124 4887 266 4956 lestimn
281 4881 493 4965 defectibus,
517 4899 577 4945 seu
593 4875 854 4962 obscuratione:
879 4873 985 4945 terrei
1006 4873 1116 4944 animi
1260 4855 1450 4930 Caeterum
1465 4862 1747 4950 bonae-mentes,
1766 4865 1831 4936 etsi
1846 4862 1938 4940 hanc
1953 4865 2154 4952 utilitatem,

125 5003 194 5073 est,
230 4983 502 5076 significationes
523 4977 696 5046 divinitus
725 4977 764 5044 in
786 4991 912 5046 natura
937 4979 1117 5050 ordinatas
1165 4978 1254 5052 (tuae
1277 4963 1391 5031 mullo
1413 4963 1527 5034 malm*
1546 4979 1614 5049 est,
1641 4991 1746 5059 quam
1769 4983 1808 5039 ut
1827 4967 1936 5038 ullius
1953 4967 2154 5062 eloquentia

127 5091 281 5182 superbe
300 5087 416 5156 ridere
431 5095 536 5174 atque
551 5089 788 5150 rontemnere.
838 5077 985 5170 Semper
999 5091 1118 5150 autem
1166 5085 1229 5153 Pro
1253 5060 1424 5152 dignitate
1446 5068 1649 5158 praedicare
1679 5069 1807 5161 possit,
1840 5094 1882 5139 ex
1904 5066 1971 5139 hac
1993 5067 2156 5139 doctrina

149 1869 349 1974 Praefatio
376 1873 416 1942 in
444 1865 560 1939 libros
582 1861 625 1936 de
652 1859 802 1936 iudiciis
829 1859 1069 1934 natisilalum

356 1965 594 2042 Iohannis
620 1961 863 2038 Schonsri.

129 5217 210 5264 cnm
236 5193 280 5258 de
297 5182 441 5256 caeteris
464 5182 616 5264 artibus,
641 5201 731 5272 quae
751 5179 864 5248 literis
880 5181 1119 5268 continentur,
1165 5175 1346 5252 Ultimis
1373 5174 1490 5236 lmen
1522 5169 1626 5238 etiam
1651 5189 1692 5240 eo
1721 5171 1969 5242 certitudinem
1993 5183 2155 5241 motuum

438 5321 441 5330 -
687 5315 692 5324 ·
1167 5265 1409 5357 considerant,
1435 5283 1476 5340 ut
1496 5270 1536 5338 in
1558 5273 1737 5343 mentibus
1757 5268 2156 5351 suishancsententiam

129 5372 337 5390 -Μ

742 5432 746 5442 ,
1167 5367 1391 5472 confirment:
1425 5380 1522 5441 nnnc
1546 5372 1719 5454 mundum
1746 5390 1780 5446 et
1800 5371 1893 5446 hanc
1913 5363 2156 5475 tolamr'erum

163 5499 194 5568 ς)
212 5493 273 5554 gg.
291 5484 557 5563 manuasss'mpaits
574 5490 738 5548 mmtsst.
1052 5477 1056 5484 '
1116 5498 1118 5509 ·
1167 5477 1329 5540 naturam
1354 5479 1430 5541 no‘n
1453 5473 1671 5547 casu‘ortam
1694 5496 1785 5566 esse,
1811 5489 1873 5550 aut
1889 5471 2006 5565 volvi,
2030 5477 2091 5550 sed
2113 5473 2159 5556 ab

129 5607 308 5674 Msoarru.
324 5605 429 5672 Orsa.
454 5601 539 5668 Vos.
551 5599 596 5665 V.
1341 5599 1391 5676 52
