4722 5808
665 253 1104 336 EPISTOLARUM
1160 256 1271 332 LlB.
1306 257 1371 337 lX.
1426 253 1556 338 1'545.

94 262 164 342 ret
2063 262 2138 342 762

96 465 202 538 quam
218 453 352 512 certum
370 454 421 510 est
436 439 504 510 iter
517 437 616 523 solis,
641 447 713 507 tam
728 447 825 508 certo
841 433 1090 504 existimabant
1145 435 1283 524 ingenti
1303 435 1427 504 dolore
1450 435 1596 506 dissidia
1621 433 1834 508 Germanica
1856 453 2067 532 spectamus,
2100 442 2141 511 in
2184 513 2187 526 ,

96 549 215 617 decem
231 545 345 615 tribus
362 541 481 622 lsrael,
501 541 591 610 sein
607 539 826 632 possessione
842 539 975 631 patriae
990 559 1091 606 man·
1146 538 1276 630 quibus
1305 539 1350 606 ad
1374 549 1507 608 caetera
1528 540 1620 608 mala
1645 553 1678 610 et
1701 534 1769 610 hoc
1792 541 1944 627 accedit,
1969 557 2028 629 ut,
2053 541 2140 615 dum

96 671 194 720 suras
212 671 295 720 esse.
347 643 436 715 Erat
452 645 547 713 enim
569 643 663 713 edita
682 641 887 734 promissio,
915 653 948 710 et
968 639 1091 709 certis·
1145 640 1338 708 adversarii
1369 659 1473 710 verae
1505 641 1686 713 doctrinae
1714 645 1909 714 multorum
1939 647 2140 719 voluntates

96 752 193 821 simis
217 749 429 821 testimoniis
453 744 565 818 aDeo
582 745 777 833 obsignata.
828 741 905 814 Hae
920 757 1036 812 tamen
1053 752 1093 810 ut
1145 743 1320 828 alienant,
1349 743 1455 812 etiam
1489 747 1608 814 minus
1637 747 1759 814 ornari
1788 769 1871 816 vera
1893 745 2069 833 Ecclesia,
2106 761 2140 818 et

97 853 266 938 Tmiani,
299 866 341 922 ut
364 849 512 933 Heneti,
545 861 586 918 ut
606 846 755 918 Paeonii
787 859 923 916 veteres
946 856 980 913 et
1003 843 1092 912 aliae
1144 846 1246 913 nervi
1264 845 1472 936 disciplinae
1490 847 1608 916 minus
1630 848 1802 938 adstringi
1825 861 1989 939 possunt,
2014 873 2139 942 apau-

96 955 375 1025 innnmerabiles
390 966 509 1042 gentes
534 973 660 1040 magna
674 973 715 1018 ex
735 961 834 1041 parte
851 963 936 1019 tunc
958 945 1091 1016 deletae
1144 947 1300 1016 cioribus
1322 948 1381 1040 pia
1399 947 1513 1018 studia
1533 951 1717 1034 coluntur,
1748 952 1853 1021 multi
1869 949 2140 1046 ε’πιχαιρέκακοι

97 1071 197 1142 sunt,
225 1081 306 1127 cum
328 1058 490 1125 nondum
510 1053 662 1122 venisset
685 1052 879 1144 promissus
894 1049 1095 1133 Liberator,
1143 1049 1324 1120 licentiam
1343 1051 1518 1120 infinitam
1536 1055 1734 1122 concedunt
1749 1054 2065 1144 impudentissimis
2080 1078 2139 1149 sy-

97 1176 130 1230 et
151 1159 315 1252 reliquiis
344 1157 520 1247 dissipatis
545 1153 665 1226 coloni
688 1157 726 1222 in
756 1177 877 1223 earum
899 1151 1092 1243 possessio-

96 1285 176 1332 nem
192 1283 235 1330 cx
250 1262 328 1330 aliis
344 1261 507 1350 gentibus
523 1257 666 1328 deducti
681 1267 774 1330 sunt.
822 1254 922 1345 Quae
938 1275 1018 1346 pars
1032 1277 1091 1322 or-

96 1365 150 1433 bis
169 1377 348 1434 terrarum
369 1363 437 1434 fuit
461 1360 590 1431 cultior
611 1355 698 1428 Asia
718 1373 753 1430 et
770 1357 945 1428 Graecia?
995 1354 1092 1425 Haec

98 1467 158 1536 diu
173 1465 363 1558 praecipua
380 1462 560 1534 domicilia
585 1463 732 1532 fuerunt
747 1483 822 1530 non
838 1461 955 1529 solum
972 1459 1091 1528 litera-

97 1593 175 1638 rum
198 1583 234 1639 ct
252 1568 368 1637 civilis
389 1566 615 1659 disciplinae,
637 1566 696 1634 sed
718 1564 824 1634 etiam
840 1559 1091 1632 Ecclesiarum.

97 1669 199 1741 Nunc
225 1665 349 1740 Asiam
381 1683 415 1740 et
438 1666 625 1738 Graeciam
646 1687 773 1755 magna
801 1677 965 1756 exparte
994 1673 1090 1734 tenet

99 1795 179 1863 gens
199 1773 384 1864 peregrina
402 1784 437 1841 et
454 1769 618 1838 immanis
636 1767 805 1848 Turcica‚
834 1767 959 1836 deletis
980 1779 1013 1836 et
1028 1789 1092 1834 ur-

97 1876 201 1944 bibus
227 1887 260 1944 et
283 1871 463 1944 Ecclesiis.
514 1870 562 1942 Et
584 1871 793 1962 impendent
808 1869 1020 1940 vastationes
1043 1867 1092 1936 si-

97 1977 195 2046 miles
212 1977 252 2044 in
269 1977 405 2068 reliqua
420 1973 577 2065 Europa.

195 2075 295 2148 Hace
316 2079 450 2148 excidia
473 2077 503 2144 si
520 2076 598 2168 quis
619 2075 764 2164 ignarus
780 2073 961 2143 doctrinae
978 2071 1092 2140 coele-

98 2179 156 2250 stis
172 2181 362 2272 adspiciat,
388 2181 556 2262 miretur,
582 2177 669 2270 quid
690 2177 832 2246 intersit
855 2175 949 2245 inter
965 2173 1090 2244 Eccle-

99 2282 182 2350 siam
209 2283 269 2352 dei
298 2295 331 2352 et
354 2282 447 2352 inter
472 2293 623 2350 caeteras
644 2291 781 2367 gentes,
814 2301 854 2348 ac
876 2301 995 2346 secum
1018 2277 1092 2368 ipse

99 2397 242 2478 querat,
272 2409 353 2454 cum
378 2385 504 2453 ruinae
532 2379 666 2450 similes
691 2381 763 2450 sint
785 2380 947 2449 omnium
964 2402 1092 2468 regno-

99 2510 194 2572 mm,
230 2486 320 2556 sitne
342 2507 421 2577 pars
447 2485 565 2578 aliqua
587 2478 737 2552 humani
762 2483 900 2572 generis
924 2483 990 2551 deo
1014 2481 1092 2572 pla-

99 2611 195 2674 cens,
218 2603 253 2660 ct
267 2611 357 2682 qnae
371 2603 513 2678 regatur
534 2599 569 2656 et
582 2599 742 2654 servetur
756 2585 950 2668 divinitus,
976 2607 1015 2652 ac
1028 2583 1092 2651 ubi

98 2691 160 2776 sit,
185 2705 222 2761 et
243 2715 334 2785 quae
354 2691 424 2761 sit?
473 2687 541 2757 His
562 2687 836 2778 cogitationibus
849 2687 980 2758 multos
994 2709 1091 2754 nunc

99 2815 239 2886 quoque
255 2793 409 2863 exerceri
424 2791 594 2861 credibile
611 2803 681 2872 est,
701 2813 783 2859 cum
800 2789 900 2882 qnasi
916 2789 1016 2856 fatali
1033 2788 1091 2856 in-

99 2897 221 2966 ccndio
244 2896 355 2964 multa
378 2895 495 2964 vicina
520 2915 627 2983 regna
656 2892 728 2960 iam
753 2892 971 2981 conflagrare
992 2891 1092 2959 vide-

98 3019 183 3072 mus.
237 2997 290 3068 Ne
313 3009 430 3067 autern
455 3009 600 3088 propter
622 2989 714 3063 hanc
730 2994 946 3063 excidiorum
963 2992 1091 3062 simili-

99 3101 260 3170 tudinem
285 3093 449 3168 homines
471 3097 673 3168 existiment
691 3117 774 3166 casu
787 3097 908 3165 omnia
921 3096 1024 3181 ferri,
1050 3119 1090 3164 ac

99 3203 233 3272 nullam
249 3187 385 3294 partem
410 3201 548 3292 generis
567 3193 716 3268 humani
739 3221 812 3267 esse
828 3211 1007 3268 aeternam
1033 3197 1091 3266 dei

97 3298 310 3389 Ecclesiam,
335 3306 420 3374 inde
436 3327 549 3396 usque
564 3303 609 3372 ab
622 3301 726 3370 initio
744 3303 830 3370 deus
846 3301 965 3370 erudit
986 3299 1090 3369 audi-

97 3418 187 3475 tores
207 3429 290 3476 suos
308 3431 393 3476 voce
408 3400 668 3495 Prophetarum
681 3406 726 3473 de
742 3403 945 3472 discrimine
962 3423 1090 3493 regno·

97 3529 171 3576 mm
188 3523 225 3579 et
240 3533 344 3578 verae
358 3505 548 3580 Ecclesiae.
589 3505 759 3577 Patefecit
777 3529 813 3575 se
827 3505 924 3575 Deus
940 3506 1090 3574 illustri-

98 3609 160 3678 bus
176 3611 409 3691 testimoniis,
437 3625 471 3680 et
489 3607 664 3692 ostendit,
696 3610 876 3702 quemme
895 3607 1038 3697 agnosci
1057 3621 1091 3676 et

98 3710 254 3782 invocari
283 3713 380 3786 velit.
440 3711 626 3796 Testatur,
654 3735 691 3780 se
723 3710 827 3780 irasci
860 3723 1020 3802 peccato,
1056 3723 1090 3777 ct

98 3835 168 3883 non
183 3815 301 3884 solum
316 3815 608 3885 comminationes
623 3813 788 3896 tradidit,
804 3815 863 3881 scd
882 3813 986 3882 ctiam
1000 3837 1089 3904 quo·

98 3914 180 3986 tidie
195 3917 395 3988 tristissima
418 3918 575 4008 exempla
594 3917 755 3985 omnium
774 3911 960 3983 hominum
978 3913 1089 3983 oculis

98 4020 283 4110 proponit,
308 4020 422 4102 bella,
447 4019 682 4103 vastationes,
706 4041 827 4100 neces,
854 4031 888 4087 et
908 4017 1091 4086 calamita-

97 4129 145 4187 tes
161 4122 330 4196 infinitas.
377 4119 517 4193 Rursus
533 4122 638 4192 etiam
654 4121 765 4190 edidit
781 4120 1031 4212 promissiones
1046 4119 1089 4186 de

99 4221 292 4313 colligenda
322 4237 355 4294 et
375 4226 545 4303 servanda
569 4220 724 4293 Ecclesia
747 4237 926 4314 perpetua.
985 4217 1091 4291 Deles

99 4320 202 4411 igitur
229 4340 349 4416 gentes
379 4341 412 4398 et
442 4339 557 4396 mutat
594 4325 742 4416 imperia
774 4339 919 4417 propter
950 4326 1089 4394 furores

99 4423 305 4517 impiorum,
338 4430 401 4523 qui
422 4429 602 4499 emendari
624 4429 772 4515 nolunt3
806 4441 841 4497 ct
861 4427 1013 4518 excerpit
1037 4441 1089 4496 ta-

99 4549 177 4597 men
197 4531 237 4600 in
261 4527 316 4600 his
340 4533 426 4624 ipsis
453 4531 697 4602 eversionibus
718 4531 949 4623 imperiorum
966 4528 1089 4600 Eccle-

1144 1148 1330 1244 cophantis
1360 1167 1395 1223 et
1422 1154 1552 1222 scurris
1577 1156 1783 1224 cumulandi
1809 1152 2045 1248 blasphemias
2074 1159 2138 1227 ad·

1143 1279 1265 1324 versus
1287 1253 1421 1339 Deum,
1450 1254 1613 1350 Denique
1639 1257 1677 1325 in
1707 1259 1875 1328 omnibus
1906 1259 2138 1330 dissensioni-

1143 1358 1209 1426 bus
1226 1357 1390 1428 civilibus
1404 1381 1542 1448 semper
1559 1375 1776 1431 concurrunt
1788 1361 1893 1430 multi
1905 1383 2027 1451 graves
2041 1385 2137 1432 mor·

1143 1459 1191 1532 bi.
1246 1457 1335 1528 Vere
1351 1459 1459 1550 igitur
1475 1474 1509 1530 et
1523 1459 1681 1554 Respub.
1703 1476 1737 1532 et
1752 1463 1867 1532 bonae
1883 1477 2017 1532 mentes
2032 1463 2138 1538 susti-

1142 1567 1230 1632 nent
1254 1563 1394 1632 dolores
1429 1564 1561 1632 similes
1593 1565 1878 1656 parturientium.
1939 1563 2058 1654 Quare
2091 1589 2137 1635 ue

1142 1665 1347 1754 frangamur
1372 1667 1615 1758 desperatione
1636 1682 1783 1759 propter
1804 1691 1997 1758 regnorum
2015 1668 2138 1739 ruinas

1143 1779 1179 1837 ct
1203 1767 1430 1838 dissidiorum
1455 1793 1660 1852 aerumnas,
1686 1793 1787 1862 saepe
1809 1771 1938 1862 repetit
1952 1772 2038 1840 deus
2052 1793 2137 1862 pro-

1142 1869 1348 1939 missionem
1376 1873 1420 1939 de
1443 1873 1613 1940 servanda
1629 1869 1807 1953 Ecclesia,
1833 1887 1874 1942 ut
1888 1875 1982 1965 apud
1996 1870 2137 1960 Esaiam

1142 1972 1275 2065 inquit:
1305 1968 1371 2042 hoc
1386 1975 1511 2043 foedus
1526 1999 1643 2044 mcum
1660 1999 1740 2047 curn
1762 1973 1829 2059 cis,
1855 1976 1941 2046 dicit
1958 1977 2138 2060 dominus,

1142 2073 1287 2166 spiritus
1304 2099 1401 2144 meus
1419 2077 1480 2170 qui
1497 2077 1599 2146 estin
1616 2089 1669 2162 te,
1693 2091 1727 2146 ct
1742 2078 1849 2146 verba
1867 2103 1943 2148 mea
1961 2101 2051 2172 quae
2070 2101 2137 2170 po-

1142 2177 1198 2245 sui
1221 2177 1261 2245 in
1284 2199 1344 2246 ore
1364 2190 1446 2262 tuo,
1472 2201 1547 2247 non
1569 2182 1734 2249 recedent
1754 2181 1875 2250 abore
1893 2193 1974 2266 tuo,
2001 2203 2067 2250 nec
2092 2181 2137 2248 ab

1142 2303 1203 2348 ore
1219 2279 1361 2348 seminis
1386 2280 1458 2364 tui,
1484 2303 1596 2374 nsque
1611 2282 1649 2350 in
1663 2281 1941 2373 sempiternum.x
1979 2277 2057 2351 Hac
2072 2305 2138 2352 nos

1142 2381 1345 2450 dulcissima
1363 2383 1605 2453 consolatione
1622 2397 1876 2465 sustentemus,
1896 2397 1930 2454 et
1947 2405 2138 2474 speremus,

1141 2507 1345 2553 mansuram
1370 2507 1442 2554 esse
1456 2481 1651 2554 Ecclesiam
1668 2487 1725 2555 dei
1747 2511 1822 2556 non
1836 2487 1952 2556 solum
1966 2488 2060 2556 inter
2080 2509 2138 2557 re-

1141 2609 1293 2675 gnorum
1306 2587 1446 2672 ruinas,
1468 2591 1528 2656 sed
1544 2589 1684 2660 etiamsi
1699 2591 1830 2660 fractus
1846 2590 2015 2659 illabatur
2028 2589 2137 2660 orbis.

1140 2685 1188 2757 Et
1212 2683 1280 2757 hac
1306 2713 1366 2779 spe
1388 2690 1508 2759 literas
1533 2703 1568 2760 et
1593 2692 1791 2760 doctrinam
1815 2713 1836 2761 a
1868 2692 1935 2761 deo
1970 2692 2138 2763 traditam

1141 2803 1304 2860 tueamur
1319 2813 1358 2858 ac
1375 2815 1626 2883 propagemus,
1654 2817 1744 2888 quae
1759 2793 1833 2885 ipsa
1852 2795 2056 2887 ubicunque
2079 2817 2138 2864 re-

1141 2907 1194 2962 cte
1210 2905 1330 2976 sonat,
1354 2892 1406 2960 ibi
1431 2915 1511 2962 vere
1525 2893 1721 2964 Ecclesiam
1742 2897 1801 2965 dei
1818 2919 1890 2966 csse
1907 2897 2076 2982 sciamus,
2102 2909 2137 2967 et

1140 3017 1259 3064 veram
1276 2993 1537 3064 invocationem
1556 3011 1590 3066 et
1612 2997 1681 3066 alia
1699 2998 1757 3088 pia
1774 2999 1888 3066 officia
1904 3021 2138 3068 exerceamus·

1139 3091 1189 3167 Et
1214 3119 1417 3190 quanquam
1441 3099 1590 3169 deerunt
1612 3099 1785 3188 praesidia
1810 3095 1986 3181 humana,
2019 3115 2138 3171 tamen

1140 3223 1158 3268 a
1173 3197 1250 3268 Deo
1262 3211 1404 3268 aeterno
1420 3215 1519 3291 patre
1535 3203 1673 3270 domini
1689 3201 1804 3271 nostri
1821 3200 1899 3272 lesu
1910 3195 2056 3287 Christi,
2075 3201 2137 3296 qui

1140 3325 1176 3370 se
1192 3301 1294 3371 editis
1310 3315 1363 3371 tot
1379 3303 1675 3393 promissionibus
1691 3305 1869 3396 patefecit,
1895 3306 2137 3375 defensionem

1143 3419 1303 3496 petamus
1324 3417 1357 3474 et
1373 3421 1601 3496 expectemus.

1235 3503 1285 3576 Ut
1306 3521 1423 3576 autem
1451 3509 1495 3577 dc
1516 3503 1572 3577 his
1601 3509 1763 3578 maximis
1787 3509 1909 3592 rebus,
1944 3511 1988 3576 de
2011 3509 2137 3577 distri*

1140 3608 1236 3675 mine
1253 3609 1484 3700 imperiorum
1507 3623 1540 3679 et
1556 3609 1734 3680 Ecclesiae
1756 3611 1831 3695 dei,
1858 3611 2048 3694 decausis,
2073 3631 2138 3680 cur

1139 3705 1235 3776 Deus
1252 3709 1399 3799 imperia
1417 3723 1450 3780 et
1475 3725 1564 3781 totas
1580 3727 1699 3800 gentes
1714 3714 1844 3794 deleat,
1872 3713 1919 3782 de
1935 3715 2043 3783 modo
2062 3733 2137 3782 ser—

1140 3813 1277 3879 vandae
1294 3809 1491 3899 Ecclesiae,
1515 3815 1558 3883 de
1574 3815 1780 3885 discrimine
1795 3839 1898 3886 verae
1906 3812 2086 3885 Ecclesiae
2101 3829 2136 3884 et

1140 3925 1260 3982 coetus
1277 3915 1464 4005 pontificii,
1489 3917 1551 4009 qui
1572 3917 1641 3986 sibi
1658 3933 1803 4008 propter
1824 3939 1973 4007 reguum
1996 3929 2137 4007 arrogat

1140 4039 1273 4083 nomen
1290 4013 1556 4102 Ecclesiae,¹de
1572 4043 1654 4087 vera
1663 4017 1730 4088 Dei
1745 4021 1987 4106 invocatione,
2014 4021 2058 4088 de
2074 4041 2136 4088 ve-

1139 4117 1189 4185 ris
1212 4119 1385 4204 cultibus,
1412 4122 1456 4189 cle
1480 4121 1533 4190 ira
1555 4122 1611 4189 dei
1632 4122 1988 4204 ctrcconciliatione,
2015 4123 2059 4191 de
2075 4143 2134 4190 ae·

1138 4220 1250 4291 ternis
1267 4223 1442 4313 poenis-et
1461 4225 1625 4314 praemiis
1641 4247 1706 4294 nos
1721 4238 1815 4294 recte
1828 4227 2051 4310 erudiamus,
2066 4223 2137 4314 legi

1139 4317 1400 4416 Prophetarum
1423 4340 1458 4396 et
1473 4322 1728 4418 Apostolorum
1751 4327 1880 4418 scripta
1897 4330 1983 4396 deus
1998 4327 2135 4417 praeci-

1139 4427 1202 4517 pit.
1255 4428 1307 4496 Ac
1325 4428 1525 4497 dulcissime
1548 4429 1680 4498 dictum
1702 4443 1751 4499 est
1769 4430 1807 4497 in
1822 4427 1982 4498 Psalmo:
2009 4429 2048 4496 in
2065 4424 2136 4497 Ec-

1139 4528 1254 4598 clesiis
1289 4531 1487 4600 benedicite
1520 4529 1697 4616 Domino,
1738 4534 1781 4600 de
1818 4532 1980 4602 sontibus
2014 4529 2136 4604 lsrael.

101 4627 201 4716 siam,
228 4659 335 4726 quam
357 4657 418 4704 sua
444 4657 552 4704 manu
576 4634 680 4723 tegit,
707 4649 741 4706 et
762 4634 850 4702 alias
875 4633 962 4701 alibi
978 4634 1088 4702 collo·
1138 4629 1359 4701 Deducimur
1381 4633 1425 4701 ad
1443 4635 1558 4704 fontes
1578 4633 1705 4717 lsrael,
1731 4634 1853 4719 idest,
1879 4637 1922 4703 ad
1938 4629 2135 4726 Prophetas

100 4743 168 4816 cat,
200 4749 234 4806 et
259 4761 349 4829 quac
384 4739 429 4807 sit
459 4738 579 4822 docet,
610 4759 736 4827 nempe
760 4761 831 4831 quo
853 4731 1086 4826 Evangelium
1138 4747 1172 4802 et
1191 4721 1404 4824 Apostolos,
1437 4732 1491 4804 Ex
1515 4731 1570 4804 his
1593 4732 1737 4805 haurire
1758 4735 1925 4806 iubemur
1946 4759 2066 4806 veram
2089 4735 2134 4802 de

99 4854 175 4903 vere
191 4839 415 4929 amplectitur
431 4851 570 4909 etrecte
587 4851 701 4911 sonat.
1138 4837 1204 4904 deo
1228 4837 1447 4922 doctrinam,
1479 4833 1537 4907 Ab
1556 4833 1612 4908 bis
1637 4839 1847 4908 discendum
1876 4854 1944 4922 est,
1978 4837 2058 4931 quis
2088 4835 2135 4904 sit

192 4935 265 5010 Nec
287 4965 370 5011 vero
393 4942 471 5010 lieri
492 4955 624 5032 potest,
651 4940 739 5034 quin
763 4941 878 5010 ruinis
895 4963 1085 5032 regnorum
1136 4961 1218 5007 vere
1244 4939 1350 5022 deus,
1383 4953 1417 5008 et
1440 4943 1618 5032 quomodo
1641 4942 1862 5012 invocandus
1886 4940 1949 5024 sit,
1982 4937 2134 5032 quaesit

99 5053 273 5126 quassatae
294 5039 471 5126 Ecclesiae
496 5043 600 5113 etiam
626 5043 764 5112 duriter
788 5046 1021 5134 mitigantur,
1048 5057 1087 5113 ut
1136 5063 1219 5110 vera
1242 5042 1300 5111 dei
1319 5039 1497 5128 Ecclesia,
1535 5057 1568 5112 et
1592 5047 1772 5136 quomodo
1797 5055 1939 5131 regatur
1960 5053 1994 5110 ct
2016 5061 2134 5109 serve-

99 5127 155 5208 hic
175 5142 249 5234 ipse
270 5143 404 5216 Hoseas
433 5146 567 5239 inquit:
603 5146 744 5215 dolores
768 5147 997 5238 parturientis
1026 5169 1086 5214 ve·
1136 5159 1206 5232 tur,
1233 5139 1403 5213 Amemus
1421 5145 1530 5234 igitur
1545 5139 1610 5213 hos
1624 5145 1739 5216 fontes
1755 5145 1880 5228 lsrael,
1899 5143 2019 5236 eisque
2034 5143 2133 5211 frua-

100 5239 196 5313 uient
216 5247 259 5316 ei.
311 5247 456 5337 Quanto
481 5273 577 5318 nunc
598 5249 637 5318 in
654 5248 778 5317 dolore
801 5261 837 5318 et
858 5250 956 5318 luctu
978 5247 1084 5316 multi
1136 5269 1237 5330 mur,
1257 5269 1322 5314 nec
1344 5248 1589 5338 permittamus
1613 5247 1750 5339 ignavi,
1772 5259 1813 5315 ut
1827 5247 1985 5315 obiectae
2002 5245 2047 5314 ab
2063 5245 2133 5312 im·-

99 5357 176 5414 sunt
198 5363 393 5440 spectantes
419 5350 591 5422 Graeciae
616 5350 841 5421 servitutem!
896 5349 1006 5420 Fiunt
1021 5375 1084 5420 an·
1134 5349 1203 5440 piis
1226 5349 1338 5418 moles
1372 5349 1559 5420 obstruant
1580 5373 1657 5430 cos,
1689 5364 1750 5420 aut
1781 5349 1951 5418 iniectum
1980 5367 2131 5417 coenum

99 5447 261 5528 gustiores
282 5465 316 5523 ct
337 5451 572 5549 squalidiores
587 5451 774 5528 Ecclesiae.
825 5450 897 5525 Nec
920 5477 986 5523 nos
1009 5453 1085 5523 sine
1134 5463 1338 5543 corrumpat
1365 5473 1442 5538 eos,
1475 5447 1544 5523 hoc
1568 5463 1636 5539 cst',
1670 5451 1912 5545 perficiamus,
1945 5459 2132 5521 utentem
