4704 5804
100 229 176 308 ses
508 335 511 344 f
677 229 1113 312 urrsrouanure
1162 231 1359 314 ιιαιιι
1413 237 1543 314 mre.
1971 319 1975 336 ,
2051 255 2126 332 245

101 415 190 474 runt
218 401 400 490 dismem,
429 417 472 476 ut
504 404 638 497 ubique
670 417 760 475 esset
779 427 957 475 summum
979 405 1089 475 silen-
1140 397 1241 498 μόνα
1257 426 1330 476 esse
1343 430 1456 478 unum
1472 411 1517 478 de
1529 411 1786 503 cognitoribus,
1811 419 1873 513 qui
1888 423 2055 514 disignati
2070 431 2125 499 di·

101 503 205 576 tium.
256 503 365 575 Mane
381 505 569 593 recognita
582 506 722 599 insequi
739 507 882 598 placuit.
923 506 1002 578 Hoc
1020 505 1089 576 Hi·
1142 518 1274 576 cuntur
1298 509 1344 576 ad
1359 513 1632 584 controversiam
1644 512 1870 610 Lycaoniam.
1921 521 2039 617 Atque
2060 550 2123 618 ego

101 605 238 696 spanici
260 619 295 676 et
315 603 430 674 ltaliei
457 606 653 676 consiliarii
683 607 885 697 impediisse
907 621 1089 701 putantur.
1141 607 1248 678 audio
1261 607 1346 677 ferri
1361 612 1582 683 conditiones
1594 619 1788 688 mediocres
1813 616 1907 710 ὑμῖν
1922 619 1990 696 τὸν
2004 651 2124 724 παρα-

102 704 226 776 secuti
239 719 334 790 tum,
356 729 557 800 quanquam
575 707 706 794 serius,
733 705 925 796 Germani,
954 722 998 778 et
1012 721 1091 778 tru-
1140 703 1330 806 γραφαιὸν
1341 711 1487 782 fortasse
1501 707 1721 787 huiusmodi:
1743 719 2000 812 postulabitur,
2013 742 2053 799 ut
2067 753 2125 800 re·
2143 722 2148 738 ’

102 804 270 881 ciderunt
285 807 440 899 aliquos,
463 809 704 878 etnonnullos
721 821 900 900 ceperunt.
949 805 1091 878 Dicitur
1142 809 1307 896 stituant,
1338 825 1379 881 ut
1399 813 1467 904 ipsi
1489 815 1608 902 illum,
1640 817 1835 908 intelligis?
1889 821 1980 894 Nam
2003 844 2125 901 contra

101 909 277 976 adductus
300 905 485 977 Musurius
500 905 661 978 Gallicus
686 913 764 980 τῶν
790 904 936 1000 ταχέων
956 902 1012 989 τὶς
1044 909 1090 978 ad
1141 910 1359 982 voluntatem
1377 911 1535 984 Caesaris
1551 929 1586 985 et
1600 917 1865 1008 permissionem
1881 927 2047 998 ordinum
2066 957 2126 1002 re-

99 1004 299 1080 Caesarem.
351 1005 469 1097 Rogat
480 1005 625 1094 Caesar,
651 1009 715 1082 ubi
728 1032 790 1078 rex
802 1008 871 1078 sit?
920 1007 1091 1096 Discedit,
1142 1010 1251 1080 tineri
1285 1011 1323 1080 iu
1358 1037 1432 1083 rem
1452 1015 1603 1084 alienam
1624 1031 1769 1110 putatur
1792 1045 1865 1093 esse
1891 1025 2126 1103 intolerabile.

101 1107 222 1200 inquit
238 1104 376 1178 Gallus.
415 1107 527 1192 Itane,
544 1111 665 1204 inquit
679 1107 825 1193 Caesar,
850 1109 927 1178 fieri
942 1123 1092 1201 oportet,
1142 1107 1375 1182 Conditiones
1389 1115 1498 1203 igitur
1512 1141 1600 1206 quac
1617 1120 1723 1190 sunt?
1772 1120 1893 1194 Nescis
1912 1121 2034 1202 πόθεν
2049 1129 2125 1228 ydp

101 1231 184 1278 cum
209 1209 254 1277 de
275 1222 432 1300 tempore
446 1210 630 1282 conflictus
651 1209 879 1282 convenerit?
910 1208 1012 1290 Non,
1033 1210 1091 1272 in·
1144 1205 1292 1298 ἐνδείην
1307 1207 1404 1302 syci?
1461 1207 1533 1278 Sed
1562 1213 1780 1304 suspicemur
1806 1243 1879 1292 esse
1900 1227 1988 1296 tales
2008 1233 2126 1320 prius·

102 1308 183 1404 quit
199 1305 344 1394 Gallus,
368 1333 432 1400 per
453 1295 581 1398 regem¹
593 1312 706 1392 stetit,
731 1331 802 1400 quo
818 1305 938 1374 miuus
955 1327 1091 1398 pugna-
1144 1328 1248 1398 quam
1266 1305 1305 1373 in
1321 1307 1575 1396 possessionem
1590 1315 1770 1398 redeatis,
1785 1321 1847 1413 qui
1860 1346 1934 1393 sese
1948 1329 2124 1403 deiectum

102 1423 213 1482 retur.
264 1405 316 1480 At
330 1410 412 1494 ille,
437 1408 556 1500 inquit
569 1405 715 1488 Caesar,
740 1408 772 1476 si
784 1419 826 1477 ιιι
839 1422 967 1479 noctua
984 1407 1024 1475 in
1038 1419 1092 1476 te-
1143 1406 1321 1498 queritur,
1345 1419 1386 1476 ot
1400 1421 1564 1478 caveatur
1578 1414 1805 1506 adversariis,
1820 1445 1865 1492 ne
1882 1449 2040 1520 unquam
2059 1434 2125 1506 ista

100 1510 227 1596 nebris
243 1509 309 1579 iter
324 1511 437 1579 facere
451 1522 592 1600 pergat,
617 1521 652 1578 et
669 1531 732 1598 ego
747 1508 938 1592 interdiu,
960 1505 1092 1578 utheri
1143 1530 1199 1578 res
1213 1507 1299 1598 ipsis
1314 1509 1506 1598 posterisve
1525 1511 1682 1602 ipsorum
1697 1518 1814 1590 fraudi
1838 1525 1886 1595 sit
1909 1529 1984 1600 ullo
2009 1537 2128 1622 modo,

102 1612 213 1696 solet,
242 1611 282 1678 in
315 1634 439 1702 campo
473 1611 681 1695 consistam,
713 1599 857 1702 quaddo
887 1608 1092 1697 congredie-
1143 1621 1248 1700 atque
1270 1631 1393 1696 omnes
1416 1615 1694 1702 controversiae,
1720 1644 1809 1712 quae
1831 1619 1916 1697 huic
1940 1655 2020 1701 eum
2040 1635 2127 1706 civi.

102 1713 210 1784 mur?
260 1709 339 1780 Hoc
370 1711 497 1800 gallico
530 1731 691 1781 sermone
724 1722 889 1780 narratur
920 1709 1092 1794 festivius,
1142 1709 1273 1779 tatibus
1298 1721 1398 1796 suut,
1422 1713 1648 1802 decidantur,
1670 1741 1759 1790 neve
1772 1723 1953 1816 religionis
1968 1749 2129 1824 praeter-

103 1815 273 1908 quodqne
295 1807 386 1880 mihi
413 1813 452 1880 in
471 1807 617 1882 Caesare
641 1805 802 1880 hilaritas
818 1810 880 1878 illa
894 1811 998 1880 valde
1013 1811 1093 1902 pla·
1143 1823 1183 1880 tu
1206 1810 1394 1902 quicquam
1417 1813 1536 1882 moliri
1561 1810 1619 1884 hic
1640 1819 1742 1891 ausit.
1792 1819 1970 1902 Etiamde
1988 1836 2130 1928 impen,

103 1915 252 1998 suisset,
282 1913 363 1982 ideo
387 1913 518 1982 referre
539 1912 649 1982 volni.
700 1910 792 1982 Nam
806 1909 920 2006 Cyrus
940 1933 1001 1980 rer
1018 1933 1093 1980 ma·
1144 1910 1192 1979 sis
1210 1911 1249 1978 in
1271 1911 1404 1981 bellum
1426 1913 1559 2006 aliquid
1576 1920 1687 2011 (aequi
1701 1921 1855 2014 benigne
1871 1931 2016 2006 fortasse
2032 1939 2128 2010 dice.

102 2017 221 2086 ximus
235 2013 321 2100 fuit,
346 2013 376 2082 si
391 2009 622 2104 Xenophonti
636 2013 822 2095 credimus,
843 2007 1093 2106 χαριέστατος.
1144 2024 1215 2081 tur.
1270 2009 1378 2082 Fiant
1405 2012 1512 2101 igitur
1537 2012 1724 2113 συνθῆκαι
1751 2021 1884 2123 ἀγαθῇ
1912 2027 2024 2130 τύχῃ,
2059 2065 2128 2132 pax

105 2115 159 2188 lta
181 2116 293 2206 igitur
316 2115 500 2184 redierunt
522 2116 561 2184 in
580 2127 692 2184 castra
715 2111 854 2184 Gallica
878 2111 1094 2198 Caesariani,
1145 2108 1236 2184 ἄνευ
1251 2104 1366 2186 δόλου
1378 2109 1442 2184 καὶ
1456 2109 1607 2210 ἀπάτης.
1660 2119 1759 2195 ltane
1775 2153 1879 2216 vero,
1905 2134 2128 2229 inquiatali-

105 2219 145 2286 in
165 2217 298 2310 quibus
320 2239 403 2284 sane
425 2215 561 2308 aliquid
583 2227 762 2308 repertum
783 2214 873 2299 fuit,
894 2215 956 2283 sed
979 2213 1095 2306 pluri-
1146 2213 1247 2307 quis‚
1283 2214 1358 2282 sine
1392 2219 1671 2306 sponsoribus?
1708 2223 1879 2316 Minime,
1912 2239 1972 2305 sed
2006 2243 2126 2312 omnia

106 2343 207 2388 mum
229 2318 430 2387 sauciorum
452 2329 487 2386 et
515 2315 773 2406 aegrotantium
799 2327 834 2385 et
854 2315 1004 2385 aliorum
1024 2315 1094 2384 mi·
1144 2316 1311 2401 fortasse,
1334 2339 1424 2409 quae
1445 2317 1682 2409 timebantur,
1708 2329 1808 2400 nullo
1831 2336 1938 2406 modo
1958 2353 2127 2430 poterunt

109 2420 229 2490 litum.
411 2405 413 2412 ⁵
1145 2415 1226 2486 tolli
1247 2439 1267 2485 e
1286 2417 1423 2502 medio,
1455 2443 1529 2488 nou
1550 2425 1693 2494 modoa
1715 2425 1880 2519 Caesare,
1905 2431 1964 2507 sed
1985 2429 2064 2514 αὕθ’
2079 2441 2129 2540 ἢν

208 2519 338 2588 Fertur
351 2531 485 2603 autem,
510 2517 644 2608 pedites
660 2514 860 2588 Germanos
872 2513 1094 2587 etHelvetios
1145 2511 1235 2600 θεὸς
1250 2512 1362 2598 αὐτὸς
1377 2511 1535 2613 ἐπεχθῇ,
1560 2537 1601 2594 ut
1616 2525 1664 2596 ita
1680 2528 1817 2624 loquar.
1850 2535 1963 2629 Saepe
1979 2539 2069 2614 mihi
2087 2549 2126 2618 in

108 2621 302 2691 conductos
323 2643 344 2688 a
368 2618 505 2702 Gallis,
540 2643 692 2711 quorum
713 2613 751 2686 hi
767 2619 810 2686 ad
835 2616 950 2700 Xm.,
974 2618 1029 2686 illi
1049 2619 1093 2686 ad
1146 2619 1430 2706 mactationibus,
1454 2621 1648 2716 dequibus
1670 2633 1777 2703 audio
1799 2635 1995 2728 interdum,
2020 2647 2127 2718 nimis

107 2719 160 2790 Vl
182 2747 233 2795 m.
260 2743 333 2790 esse
366 2715 616 2811 perhibentur,
647 2718 743 2812 quod
770 2707 933 2788 Carolus
960 2720 1097 2790 adesset
1145 2719 1287 2790 videtur
1300 2721 1436 2792 curiosa
1451 2745 1524 2793 csse
1540 2720 1698 2800 historia.
1747 2733 1837 2806 Nam
1855 2740 2128 2828 istascallidita.

109 2836 233 2897 eontra
248 2845 430 2892 conserere
450 2843 577 2890 manus
598 2821 766 2890 noluisse.
816 2819 941 2890 Postea
962 2821 1006 2890 ad
1028 2818 1095 2891 Sa-
1147 2823 1477 2914 resederemus
1496 2848 1572 2896 non
1591 2830 1780 2922 attingam,
1805 2862 1845 2909 ac
1867 2842 1906 2913 fit
1926 2856 2021 2934 tum,
2048 2875 2127 2930 cum

109 2924 353 2994 morabrinaru
374 2923 493 3014 copias
513 2921 614 2991 duxit
630 2919 776 3007 Caesar,
800 2933 853 3006 et,
867 2921 956 3014 'quia
973 2921 1097 2992 fuisset
1147 2921 1318 2992 cautiores
1326 2918 1486 3020 ἐφέδρου
1501 2930 1667 3012 omnibus
1682 2937 1847 3025 periculis
1861 2949 2038 3036 oppositas
2054 2933 2141 3024 esse⁸

111 3021 229 3094 Gallis
243 3024 390 3118 aequior
403 3048 510 3117 quam
525 3023 596 3092 sibi
610 3023 744 3108 civitas,
757 3023 926 3091 mulctam
946 3022 1037 3092 dixit
1051 3021 1097 3092 il·
1147 3022 1362 3110 existimant,
1377 3038 1418 3096 ot
1430 3027 1680 3122 relinquantur
1692 3058 1793 3130 saepe
1808 3035 1865 3110 his
1879 3047 2023 3138 quidam
2041 3079 2130 3148 qua.

111 3125 172 3212 lis,
207 3126 342 3209 decies,
373 3121 544 3196 adhibitis
570 3124 700 3216 regulis
723 3123 859 3216 aliquot
879 3118 1096 3208 Teutonicis,
1147 3125 1177 3193 si
1199 3125 1412 3196 decumanae
1430 3142 1552 3220 portae
1575 3133 1708 3222 aditus;
1742 3147 2039 3234 quemadmodum
2065 3179 2128 3247 ego

112 3249 156 3295 nc
178 3240 303 3298 contra
326 3226 466 3319 imperii
488 3226 566 3296 iura
590 3225 726 3318 aliquid
747 3247 819 3293 ase
832 3236 948 3293 actum
962 3226 1097 3294 dicere-
1148 3226 1187 3294 in
1201 3226 1367 3296 incendio
1391 3226 1634 3321 Tubingensi,
1660 3239 1759 3310 euius
1789 3267 1886 3316 nunc
1914 3251 2018 3322 etiam
2048 3282 2128 3330 cum

112 3323 187 3399 tur.v
235 3324 354 3421 Atque
369 3330 416 3398 ita
430 3328 519 3398 urbe
532 3327 668 3397 munita
690 3339 724 3397 et
739 3325 1096 3418 praesidio'imposito
1148 3349 1275 3418 magno
1298 3329 1422 3398 dolore
1444 3332 1554 3402 animi
1578 3339 1762 3434 recordor,
1788 3346 1930 3418 deiectis
1950 3352 1989 3421 in
2006 3358 2129 3430 cellam

112 3431 303 3523 plerosque
315 3429 446 3500 milites
459 3453 500 3498 ac
517 3427 653 3522 equites
669 3427 821 3516 benigne
836 3426 981 3500 dimisit.
1019 3425 1098 3519 lpse
1149 3429 1215 3499 sub
1238 3443 1331 3500 terra
1352 3431 1481 3501 reculis
1504 3437 1670 3508 omnibus
1689 3442 1777 3512 meis
1799 3469 1877 3516 cum
1899 3450 1982 3522 fimo
1995 3479 2034 3526 ac
2052 3460 2129 3530 luto

114 3533 272 3620 primum
297 3525 564 3621 Antwcrpiam,
588 3553 671 3597 mox
692 3528 832 3620 Spiram
865 3530 911 3598 ad
943 3553 1098 3598 conven-
1149 3530 1278 3600 ostium
1294 3531 1573 3622 obturassemus,
1597 3553 1717 3630 postea
1734 3544 2043 3626 animadvertimus
2067 3585 2131 3630 ne-

113 3645 192 3702 tum
210 3657 246 3702 se
258 3632 497 3724 profecturum
512 3629 676 3702 ostendit.
726 3627 894 3698 Nostrum
903 3621 940 3724 *)
963 3628 1098 3721 princi·
1149 3631 1296 3722 glectam
1314 3632 1354 3700 in
1368 3634 1621 3725 trepidatione,
1646 3635 1682 3715 h.
1699 3667 1729 3717 c.
1753 3647 1862 3718 nimia
1879 3657 2030 3745 quadam
2048 3686 2130 3732 cur.

114 3757 197 3822 pem
214 3733 450 3802 amantissime
474 3731 674 3821 complexus
690 3729 768 3800 fuit.
819 3726 854 3797 ls
880 3753 961 3798 eum
979 3731 1098 3800 omni·
1149 3755 1185 3802 sa
1196 3725 1290 3828 (ιγ’)
1307 3733 1495 3804 fenestram
1509 3760 1614 3829 supra
1629 3741 1667 3810 in
1684 3748 1801 3817 medio
1816 3765 2010 3826 contectam
2025 3761 2132 3834 fuisse

116 3835 184 3904 bus
203 3834 295 3914 suis,
320 3857 393 3902 uno
410 3833 532 3902 saltem
548 3829 666 3924 equite
682 3829 721 3898 iu
735 3829 806 3898 levi
820 3829 956 3920 proelio
971 3831 1097 3902 amisso
1149 3833 1285 3926 aliquot
1316 3835 1483 3924 plaustris
1514 3840 1633 3911 aridae
1664 3849 1842 3924 materiae.
1902 3853 1993 3944 Quis
2025 3863 2133 3952 igitur

116 3957 279 4004 reversus
294 3933 482 4002 incolumis
504 3931 645 4001 transiit
659 3926 724 4000 hae
747 3932 879 4000 nudius
904 3931 1026 4001 tertius
1046 3933 1099 4001 fe·
1149 3945 1225 4002 tum
1246 3929 1336 4002 mlhf
1358 3957 1435 4004 mea
1463 3943 1637 4011 servavit?
1694 3944 1938 4024 Consiliumne
1960 3957 2003 4030 'et
2026 3987 2131 4054 opera

118 4034 372 4108 stinantissime
387 4048 506 4104 vectus
520 4033 653 4104 essedo.
705 4029 775 4102 Sed
798 4025 1035 4119 haecomnia,
1058 4045 1100 4104 ut
1149 4033 1252 4102 mea?
1271 4027 1327 4114 τίς
1340 4028 1486 4110 τούτων
1498 4036 1604 4112 ἕνεκα
1615 4041 1732 4118 rdvd’
1748 4045 1921 4148 αὐδὲνῆν
1935 4055 1998 4134 ἔτι.
2033 4063 2154 4154 Qua-1

117 4153 223 4226 puto,
247 4137 317 4205 iam
340 4137 476 4204 dudum
497 4131 688 4230 nescivisti,
711 4156 827 4225 neque
850 4155 912 4222 ego
929 4147 999 4202 tam
1014 4157 1101 4226 pro-
1150 4147 1295 4225 propter
1309 4135 1416 4205 laudo
1431 4133 1659 4231 Euripideum
1677 4152 1901 4226 sententiam:
1933 4155 1977 4231 τὸ
2003 4169 2135 4262 σοφεῖν

120 4239 189 4307 lire
206 4261 352 4306 narrare
372 4235 614 4318 institueram,
655 4234 789 4304 veritus
812 4235 1019 4324 paesertim,
1052 4258 1099 4304 ue
1152 4231 1197 4306 οὐ
1217 4229 1351 4332 σοφίας
1386 4261 1462 4308 ιιοιι
1492 4245 1589 4334 quod
1615 4248 1799 4321 stultitiam
1823 4269 1857 4326 et
1884 4261 2134 4354 negligentiam

120 4363 193 4408 non
207 4339 314 4408 modo
332 4361 351 4406 a
369 4335 608 4406 describendis
622 4327 696 4418 his,
720 4348 761 4404 ut
776 4333 844 4418 ais,
869 4335 930 4403 scd
953 4335 1058 4404 etiam
1079 4359 1100 4404 a
1151 4337 1297 4429 probem
1306 4357 1331 4424 ,ι
1351 4340 1412 4407 scd
1436 4342 1519 4434 quia
1540 4367 1663 4416 verum
1685 4364 1793 4440 puto,
1821 4379 1941 4449 sapere
1966 4387 2038 4435 esse
2060 4393 2134 4450 non

118 4439 277 4529 legendis
296 4431 514 4509 abhorreres.
563 4433 765 4505 Praefectus
785 4447 902 4507 autem
921 4459 1101 4505 commen·
1151 4438 1304 4508 nimium
1322 4461 1453 4530 sapere.
1859 4457 1861 4462 ·

118 4539 345 4611 tariosetiam
368 4529 525 4608 confecit'
540 4535 719 4622 omnium;
749 4537 810 4605 sed
830 4535 912 4604 illos
943 4559 1006 4627 ego
1026 4561 1101 4608 non
1155 4545 1159 4554 '

19 4625 20 4628 ¹
120 4642 207 4710 vidi.
257 4636 373 4710 Aiunt
386 4653 422 4709 et
437 4631 647 4709 Gerardum
660 4649 794 4728 partem
816 4637 960 4706 illarum
983 4661 1103 4709 rerum

122 4743 235 4812 literis
256 4744 458 4832 mandasse,
481 4754 516 4810 et
538 4739 687 4809 alterum
705 4739 881 4831 quendam
901 4737 1104 4810 Lovanien-

122 4867 193 4913 sem
208 4865 409 4932 nuncopus
426 4835 594 4910 historiae
607 4835 716 4910 huius
732 4839 771 4908 in
787 4839 951 4910 manibus
964 4837 1105 4916 habere.

124 4943 201 5016 Hoc
223 4968 306 5012 vero
328 4941 596 5032 significandum
617 4941 685 5010 tibi
709 4941 816 5026 duri,
841 4953 1002 5013 nostrum
1020 4939 1106 5044 ἦγε-

1256 4571 1327 4644 Sed
1344 4573 1450 4642 redeo
1466 4575 1509 4643 ad
1527 4579 1719 4669 superiora.
1760 4582 1901 4665 Dicitur
1920 4594 2044 4688 ingens
2062 4625 2136 4674 esse

1154 4674 1295 4766 pondus
1316 4669 1535 4758 chartarum,
1560 4679 1600 4748 in
1621 4683 1750 4774 quibus
1771 4693 1961 4786 perscripta
1986 4701 2031 4770 sit
2051 4697 2138 4798 Ly-

1157 4771 1325 4844 caonicae
1346 4797 1477 4845 causac
1499 4772 1665 4878 defensio
1687 4798 1721 4856 et
1737 4795 1910 4864 accusatio
1925 4803 1994 4872 τοῦ
2006 4795 2136 4887 δεῖνος.

1156 4871 1271 4946 Credo
1286 4897 1358 4945 esse
1372 4877 1482 4948 multa
1500 4881 1675 4971 sapienter
1697 4891 1947 4982 asapientibus
1964 4901 2048 4972 viris
2064 4908 2138 4976 col..

1158 4977 1263 5062 lecta,
1296 4979 1357 5046 sed
1389 4973 1480 5048 mihi
1513 4981 1552 5050 iu
1574 4985 1695 5056 animo
1717 5004 1768 5059 est
1789 4987 2006 5069 homericum
2029 5003 2151 5084 ittam,

1159 5075 1275 5150 ἐπέων
1289 5071 1330 5149 δὲ
1341 5073 1456 5159 πολὺς
1467 5077 1582 5174 νομὸς
1597 5081 1693 5158 ἔνθα
1705 5088 1768 5166 καὶ
1782 5091 1889 5168 ἔνθα.
1924 5098 2055 5176 Tibine
2072 5089 2138 5200 igi.

158 5213 188 5280 ²⁸¹)
205 5212 340 5267 Nostrum
354 5209 415 5265 dedi
428 5226 478 5280 pro
493 5225 576 5268 nam,
594 5207 666 5279 quod
682 5205 762 5260 habet
772 5207 946 5277 apographon
959 5209 1024 5266 mibi
1039 5211 1107 5268 mise

192 5311 264 5348 sum.
301 5291 430 5346 Nostrum
446 5291 611 5362 compendio
625 5290 757 5416 scribtum
771 5289 838 5347 fifffi
849 5291 928 5348 facile
942 5291 1040 5365 legitur
1055 5315 1106 5370 pro

192 5381 270 5418 nem.
303 5360 435 5436 Princeps
448 5369 488 5416 est
501 5357 663 5430 Mauritius,
710 5377 742 5412 ur
756 5361 897 5418 saxoniae.
1191 5367 1221 5436 ιι)
1238 5367 1285 5424 si,
1297 5367 1428 5470 ,0119ng
1441 5379 1490 5424 m,
