4670 5806
213 264 288 340 ast
783 257 1223 340 Erlsrotatwtt
1273 259 1382 341 ΜΒ.
1413 261 1484 342 lX.
1537 259 1670 342 tata
2183 267 2259 344 itt

219 451 254 507 et
282 435 411 508 abduci
436 461 455 507 a
475 459 532 506 me
558 437 726 529 tanquam
750 435 789 505 in
814 431 930 533 acie⁸)
953 429 1208 532 παραστάτην,
1263 443 1333 505 tate
1349 447 1388 505 'et
1403 435 1592 508 tolerantia
1615 436 1745 507 mentis
1768 437 1947 528 publicam
1964 435 2256 534 concordiam²¹),

221 539 322 608 cuius
344 533 434 606 mihi
456 539 540 607 tides
554 539 692 626 cognita
707 535 802 633 ett⁷)
824 553 859 610 et
873 541 1038 631 probata,
1064 539 1210 609 moleste
1263 533 1524 610 cumdieiturti
1542 531 1631 618 θεὸς
1645 535 1748 631 μένει
1768 537 1809 610 ἐν
1827 536 1942 632 αὐτῷ.
1995 536 2093 609 Haec
2108 539 2175 610 tibi
2192 565 2257 611 no-

220 641 308 712 iero.
347 637 428 710 sea
448 636 531 708 haec
547 639 621 730 ipsa
641 641 784 732 querela
801 641 1132 734 etimpendentium
1146 663 1210 732 pe·
1263 651 1297 709 ta
1314 661 1387 708 esse
1404 639 1497 725 scio,
1523 652 1558 708 et
1582 641 1718 730 gaudeo
1741 652 1838 709 tuam
1855 640 2074 709 voluntatem
2099 643 2145 710 ad
2167 635 2257 712 hanc

221 742 415 811 riculorum
436 740 601 828 cogitatio
616 736 704 809 mihi
720 742 898 811 scribendi
916 744 1076 812 dolorem
1098 753 1210 831 auget.
1263 739 1430 810 virtutem
1456 740 1691 810 adsuefactam
1715 763 1800 814 esse.
1858 739 1930 811 Sed
1955 751 2073 810 tamen
2100 765 2173 811 non
2202 743 2256 812 in-

224 841 403 931 Quoniam
434 855 551 911 autem
575 865 638 910 vos
660 836 772 938 iam⁸)
798 841 894 913 Deus
918 843 958 912 in
977 843 1085 914 unius
1110 842 1211 912 urbis
1263 854 1361 931 grata
1386 854 1437 912 est
1457 843 1571 912 oratio
1589 843 1632 911 de
1649 842 1782 912 virtute
1804 841 1877 911 ulla
1893 841 1997 911 honis
2013 841 2112 913 viris.
2160 841 2257 914 Bene

222 936 558 1034 gubernationem⁰)
573 944 764 1030 contraxit,
789 958 992 1036 perpetuam
1008 943 1110 1013 vobis
1124 967 1212 1013 con·
1263 954 1299 1012 et
1321 941 1470 1012 feliciter
1483 943 1573 1018 vale.
1598 942 1657 1012 die
1680 943 1744 1014 20.
1763 940 1957 1018 Novembr.
1973 965 2080 1019 anno.
2100 939 2210 1019 1544„

222 1043 380 1113 cordiam
402 1057 506 1136 opto,
526 1067 633 1136 quam
656 1067 736 1113 cum
756 1045 872 1116 sciatis
897 1045 965 1138 ipsi
979 1044 1212 1114 necessariam

223 1167 297 1214 esse
310 1155 345 1214 et
361 1145 549 1214 salutarem
557 1140 608 1238 ιο)
630 1145 730 1212 omni
743 1147 918 1231 societati,
944 1171 1019 1217 non
1034 1159 1113 1216 utar
1129 1145 1212 1215 lon-

223 1247 316 1336 giori
339 1246 510 1319 oratione.
561 1243 694 1334 Magna
710 1270 766 1315 res
784 1261 817 1316 et
831 1249 1011 1334 salutaris,
1036 1260 1070 1317 et
1085 1270 1211 1337 magna

223 1371 282 1417 ars
298 1359 350 1416 est
370 1347 408 1415 in
424 1347 697 1437 gubernatione,
722 1361 918 1418 contractos
940 1351 1078 1418 frenare
1093 1349 1212 1440 priva·
1262 1323 1331 1399 No.
1347 1325 1460 1403 3⁰73·

221 1459 281 1519 ¹tos
308 1447 471 1533 affectus,
493 1462 528 1518 et
548 1461 695 1541 propter
714 1472 937 1519 communem
953 1451 1102 1520 salutem
1118 1448 1212 1519 tueri
1242 1487 1243 1492 ι
1269 1409 1442 1451 m

224 1549 468 1634 eoncordiam;
496 1563 535 1619 ut
545 1544 695 1619 Athenis
708 1545 883 1619 Aristides
898 1564 931 1620 et
946 1546 1213 1634 Themistocles,
1568 1545 1572 1552 ’
1642 1519 1883 1614 ιςῒίῑᾶῐθδῖθο

224 1675 429 1745 quanquam
451 1649 572 1721 multis
593 1647 752 1746 rebus¹¹)
767 1651 973 1737 dissimiles,
998 1653 1037 1721 in
1061 1651 1213 1743 publicis
1333 1681 1824 1758 seripapnbt.wituh.t.p.101.
1843 1685 1953 1755 (toas.)

225 1753 384 1822 consiliis
399 1764 516 1820 tamen
531 1753 791 1841 congruebant,
817 1767 852 1823 et
864 1754 953 1823 alter
968 1754 1117 1822 alterum
1135 1777 1214 1821 mo·
1769 1819 1777 1840 ,
1848 1819 1855 1839 ,

224 1854 379 1924 nitorem
397 1854 597 1943 patiebatur
612 1854 778 1944 repressis
789 1854 935 1946 privatis
950 1856 1123 1934 motibus,
1135 1851 1213 1924 Ro·
1606 1815 1663 1913 (S
1671 1816 1772 1892 ‘ud'
1782 1845 1830 1893 ⁰⁸
1839 1847 1852 1892 ¹
1862 1821 1920 1914 δ’)

224 1961 303 2024 mae
329 1951 461 2024 Fabius
483 1967 517 2024 et
540 1951 680 2046 Scipio,
706 1949 877 2025 Claudius
900 1968 933 2026 el
955 1950 1145 2051 luliu⁵²²)‚
1179 1966 1213 2024 el
1265 1942 1382 2052 Saepe
1398 1957 1550 2042 auditis,
1575 1956 1754 2026 difficilem
1772 1981 1845 2028 esse
1860 1957 2058 2028 doctrinam
2067 1953 2255 2044 Ecclesiae,

226 2049 368 2151 alias¹³)
392 2053 464 2130 alii.
513 2051 762 2147 Etpraeclare
786 2055 1029 2129 diciturillud
1052 2051 1214 2127 ahHer-
1266 2063 1350 2158 quia
1373 2062 1418 2131 de
1438 2058 1560 2129 multis
1583 2057 1690 2128 rebus
1713 2058 1751 2126 in
1768 2053 1834 2128 hac
1853 2061 2001 2147 caligine
2019 2055 2254 2130 humanarum

226 2153 358 2253 cule¹⁴)
379 2157 416 2225 in
439 2151 636 2228 Philoctete
652 2150 839 2248 Sophoclis
862 2159 906 2227 ad
927 2159 1035 2244 duos,
1055 2155 1214 2247 Neopto·
1266 2163 1440 2234 mentium
1455 2159 1552 2230 aliud
1569 2173 1622 2229 est
1636 2159 1808 2230 iudicium
1824 2174 1965 2232 nostrae
1983 2161 2142 2245 rationis,
2157 2161 2253 2231 aliud

225 2259 359 2327 lemnm
382 2271 416 2329 et
437 2252 675 2329 Philocteten:
711 2253 792 2330 ἀλλ’
816 2253 866 2338 ὥς
892 2254 1013 2332 λέοντε
1035 2251 1214 2353 συννόμῳ
1266 2264 1353 2350 Dei,
1381 2276 1421 2332 ut
1443 2263 1487 2330 de
1511 2257 1658 2330 essentia
1674 2257 1762 2345 Dei,
1788 2263 1832 2330 de
1855 2263 2098 2352 magnitudine
2113 2263 2255 2352 peccati,

227 2352 462 2455 φϋλᾶσθδτθν
484 2349 592 2439 οὗτός
613 2353 980 2454 orzolooeo‘ade.·)
1030 2357 1105 2431 Not
1129 2381 1213 2428 vero
1267 2368 1310 2436 de
1333 2363 1503 2456 placanda
1523 2362 1575 2430 ira
1590 2359 1676 2445 Dei,
1701 2362 1745 2430 de
1770 2361 1916 2436 iustitia.
1967 2361 2137 2433 Patefecit
2150 2363 2256 2452 igitur

226 2461 266 2529 in
280 2457 438 2530 Ecclesia
451 2457 518 2529 Dei
539 2461 718 2551 graviores
739 2484 860 2531 causas
877 2457 1047 2531 habemus
1064 2461 1214 2531 coniun-
1266 2466 1363 2536 Deus
1383 2488 1484 2534 suam
1505 2462 1733 2546 sententiam,
1757 2477 1790 2532 et
1812 2463 1891 2532 vult
1908 2464 2104 2534 doctrinam
2131 2464 2171 2532 in
2188 2461 2255 2533 Ec·

226 2563 421 2652 gendarum
452 2562 677 2632 voluntatum
708 2563 753 2632 ad
786 2585 1009 2632 communem
1038 2561 1215 2654 tranquil·
1266 2569 1389 2652 clesia,
1419 2567 1458 2634 in
1486 2563 1626 2656 templis
1656 2575 1690 2632 et
1712 2558 1843 2632 scholis
1875 2565 2063 2656 propagari
2094 2565 2254 2634 incorr'u·

225 2663 361 2733 litatem
382 2665 551 2732 tuendam
561 2659 604 2758 Ι’)
630 2687 734 2756 quam
758 2663 835 2749 illi,
867 2663 984 2754 ignari
1004 2661 1083 2733 Dei.
1137 2661 1216 2734 sei·
1267 2683 1380 2762 ptam:
1414 2679 1449 2736 et
1475 2659 1567 2734 hanc
1592 2663 1704 2756 ipsam
1725 2665 1773 2733 ob
1794 2687 1935 2734 causam
1958 2679 2074 2736 servat
2096 2667 2254 2738 ministe-

226 2764 421 2834 musenim
442 2759 674 2859 ipsasoipxoir
695 2756 872 2858 τήν«τε”)
895 2760 1136 2864 εὐαγγελικὴν
1151 2758 1215 2836 καὶ
1266 2771 1361 2842 rium
1381 2764 1586 2856 Evangelii,
1620 2765 1655 2834 id
1682 2777 1750 2850 est,
1776 2749 1988 2856 templorum
2005 2781 2040 2837 et
2056 2761 2254 2836 scholarum
2319 2793 2320 2860 p

224 2859 499 2958 τὴνπολιτικῆν
514 2886 588 2935 esse
601 2864 668 2934 Dei
683 2889 800 2957 opera.
843 2861 952 2936 'Alter
966 2889 1049 2958 ergo
1070 2865 1214 2936 alterius
1266 2871 1401 2955 studia,
1433 2881 1467 2938 ct
1494 2867 1595 2937 addit
1614 2867 1749 2936 donum
1777 2865 2095 2958 interpretationis:
2130 2871 2191 2938 sed
2217 2869 2252 2936 id

224 2989 357 3036 munus
368 2961 412 3060 ¹⁷)
438 2979 640 3053 veneretur3
681 2989 812 3036 munus
835 2980 957 3053 ornet,
985 2967 1122 3040 etiamsi
1146 2962 1214 3035 ho·
1267 2985 1470 3044 certantum
1487 2991 1684 3060 peneseos‚
1709 2967 1899 3059 quifontes
1913 2991 2016 3060 saepe
2032 2969 2176 3058 legunt,
2201 2993 2254 3037 re·

222 3066 313 3136 mini
336 3091 496 3138 cessurus
517 3091 593 3139 non
614 3079 700 3141 erat.
758 3067 909 3158 Quoties
931 3069 1033 3139 etiam
1049 3064 1215 3140 Christus
1266 3075 1406 3165 legunt,
1429 3069 1635 3151 conserunt,
1662 3072 1884 3158 expendunt,
1910 3071 2018 3162 etqui
2036 3070 2175 3160 pietatis
2198 3094 2254 3138 ex-

223 3169 395 3259 praecipit
409 3171 452 3238 de
468 3169 658 3240 dilectione
672 3183 814 3254 mutua,
838 3185 873 3240 et
889 3163 1065 3240 lohannes
1080 3169 1213 3264 inquit:
1267 3175 1386 3246 ercitia
1410 3171 1559 3244 addunt.
1618 3165 1684 3240 Est
1716 3182 1832 3239 autem
1858 3171 2075 3261 perdifficilis
2095 3167 2253 3262 Epistola

225 3263 361 3348 driade
383 3262 508 3367 ἀγάπη
532 3265 626 3356 ἐστὶ,
652 3265 717 3342 καὶ
736 3265 756 3341 ὃ
772 3267 1014 3366 μένωνέντῇ
1029 3265 1157 3370 ἀγάπῃ
1174 3269 1214 3341 ἐν
1266 3279 1311 3346 ad
1326 3273 1526 3356 Romanos,
1550 3284 1591 3341 ut
1607 3293 1744 3362 semper
1760 3269 2031 3345 iudicatumest.
2081 3269 2167 3341 ldeo
2183 3296 2253 3342 sao-
2318 3265 2319 3294 i

223 3373 280 3462 τῷ
302 3370 382 3464 θεῷ
404 3367 524 3463 μένει,
554 3366 619 3442 καὶ
646 3366 792 3460 θεὸς’”)
823 3371 864 3443 tv
887 3367 1003 3466 αὐτῷ.
1069 3371 1214 3443 Excutit
1268 3401 1310 3470 pe
1326 3375 1473 3466 legenda
1490 3385 1561 3456 est,
1585 3395 1625 3441 ac
1641 3371 1866 3462 praesertim,
1891 3397 1972 3444 cum
1995 3365 2180 3460 homines,
2204 3373 2252 3444 la-

222 3465 339 3541 Deum
363 3465 591 3562 rectorem’')
612 3471 773 3566 quisquis
793 3471 931 3565 quaerit
953 3467 1213 3564 dissidium²⁰),
1266 3477 1393 3548 scinati
1413 3472 1640 3566 persuasione
1662 3472 1873 3563 sapientiae,
1907 3473 2010 3544 valde
2031 3489 2254 3544 exsecrentur

224 3583 286 3642 ant
299 3573 360 3666 qui
377 3574 490 3643 victus
505 3574 652 3665 privatis
666 3573 849 3644 affectibus
863 3568 1075 3645 distrahitur
1095 3597 1116 3642 a
1137 3573 1213 3642 col·
1266 3579 1401 3650 dictum
1426 3573 1546 3644 Pauli:
1580 3571 1668 3642 Fide
1690 3573 1929 3647 iustificamur.
1988 3577 2170 3644 Adversus
2192 3569 2252 3646 hos

223 3673 310 3764 legis
326 3675 551 3744 mediocriter
564 3673 775 3744 facientibus
794 3673 962 3744 ollicinm.
997 3670 1033 3744 0
1050 3693 1213 3764 magnam
1266 3675 1500 3751 confirmandi
1514 3687 1600 3744 sunt
1613 3671 1734 3742 animi.
1787 3667 1919 3744 {terram
1944 3674 2073 3764 igitur,
2097 3671 2175 3745 Deo
2201 3677 2252 3746 iu.
2317 3697 2318 3762 p

222 3774 383 3862 laudem,
409 3797 577 3866 magnum
600 3777 706 3848 decus
722 3775 808 3862 viri,
834 3776 1012 3846 moderari
1034 3799 1097 3848 sua
1118 3775 1215 3846 leni·
1265 3793 1388 3866 vante,
1412 3775 1586 3848 enarrabo
1608 3769 1823 3871 Epistulam
1846 3767 1967 3844 Pauli
1982 3767 2039 3846 ad
2048 3769 2252 3850 Romanos.
2317 3769 2318 3788 ¹

1265 3879 1334 3952 Die
1349 3883 1410 3954 22.
1423 3874 1647 3952 Novembris.
1697 3874 1806 3946 Anno
1825 3873 1936 3952 1544.

223 3993 410 4016 m

225 4211 229 4222 Ι
251 4143 283 4206 6)
301 4145 330 4196 in
345 4143 406 4198 arie
418 4143 515 4200 excidit
529 4163 543 4199 e
557 4145 621 4204 cod.
636 4143 720 4200 Goth.

253 4223 281 4292 7)
301 4225 369 4282 Cod.
385 4227 486 4282 Dresd.
499 4238 526 4282 et
540 4229 651 4286 Monac.
663 4239 707 4282 eet
716 4236 782 4297 poet
795 4229 929 4296 probata.
2316 4239 2317 4253 ι

252 4309 281 4378 a)
299 4309 358 4362 tam
371 4311 446 4366 stae
459 4330 474 4365 ι
487 4311 550 4367 eoa.
564 4309 663 4370 uren.
1265 4284 1330 4358 No.
1348 4281 1462 4358 ³079.
2101 4295 2160 4355 aa.
2174 4289 2246 4352 Nor.

252 4389 281 4454 9)
304 4393 372 4448 Cod.
386 4393 485 4450 Dreed.
503 4404 529 4450 et
544 4396 607 4451 cod.
622 4395 735 4451 Monac.
751 4397 962 4464 gubernatione.
1274 4375 1443 4408 Μ
2115 4383 2246 4412 “⁴“

255 4479 301 4544 to)
320 4481 506 4536 Cod.l)resd.
523 4481 796 4543 ipsiertlatieereem.
812 4481 1020 4534 stratumne.
1263 4485 1410 4570 Imm
1437 4477 1687 4562 frideric&
1712 4477 1884 4566 Elector
1920 4479 1984 4562 ad
2017 4479 2249 4593 Ήιεοιθὲω

253 4564 298 4628 ll)
319 4561 533 4618 coaventu
546 4565 645 4618 maltis
656 4567 758 4628 retusa
775 4561 839 4620 cod.
849 4561 960 4615 Monac.
972 4559 1107 4614 rerultirr'n
1119 4561 1211 4614 redas.

254 4645 299 4710 rs)
317 4644 384 4700 coa.
399 4645 498 4702 uma.
513 4646 617 4701 uvas
1635 4593 1699 4680 W
1702 4595 1881 4705 ῐΐθῦθΐὲο

254 4729 297 4792 ¹³)
316 4731 390 4784 “lte
403 4729 477 4783 ’Μ
491 4748 506 4782 ·
518 4729 581 4786 ⁶⁰⁶·
595 4726 677 4782 ⁰⁰¹⁵·
1330 4763 1406 4832 aar
1424 4763 1491 4819 sera
1509 4760 1537 4814 tn
1551 4761 1668 4817 essene
1681 4759 1777 4815 vnn.
1791 4761 1830 4816 ιι,
1849 4761 1903 4818 ,ιι
1916 4761 1968 4820 nt.
1981 4765 2042 4820 sos.
2064 4795 2095 4809 -
2132 4765 2179 4822 nn
2209 4767 2246 4820 a·

251 4811 300 4880 ¹⁴)
318 4815 355 4865 ’ὸ
368 4809 490 4865 ''mul‘'
502 4828 559 4864 ”⁰¹²
573 4809 671 4865 ''²5‘'st
687 4799 751 4866 ωδ·
764 4805 864 4862 Dmd·
882 4817 909 4861 ’ἶ
923 4803 1036 4862 ΜΘΝ·
1364 4851 1408 4888 rna
1423 4829 1568 4884 delineatio
1582 4828 1711 4899 epistolae
1720 4782 1933 4885 antoninianae
1949 4835 2058 4903 scripta,
2075 4835 2104 4888 in
2120 4787 2245 4907 tergopsic

249 4892 279 4956 *l
299 4895 344 4950 Est
358 4891 614 4965 loeusinsophoet.
629 4891 747 4946 Philoet.
764 4890 799 4946 V·
815 4889 883 4944 ¹⁴⁸⁶
896 4907 938 4960 sq.
1361 4899 1505 5024 inscripta:
1521 4900 1593 4967 „tto
1611 4901 1659 4954 tte
1673 4897 1870 4970 Sbeotogen
1889 4904 2174 4975 remittentem,
2192 4905 2243 4966 tot

252 4980 296 5049 15>
314 4983 450 5032 tuendam
464 4975 653 5035 stertunt.
670 4974 754 5031 Goth.
926 5003 935 5013 -
1363 4971 1437 5038 tter
1458 4985 1517 5026 oen
1535 4967 1736 5037 litotlrldrtoa
1761 4975 1826 5024 ant
1849 4971 2025 5028 {lebenter
2050 4975 2159 5036 tottea
2178 4975 2242 5040 liet·

251 5063 297 5132 ιε)
315 5055 588 5128 coaeoffimpaf,
1365 5041 1418 5095 ten
1440 5038 1476 5094 tn
1505 5040 1561 5093 ter
1584 5037 1752 5106 uelletne
1778 5037 1916 5104 &odem
1968 5039 2020 5097 28.
2044 5039 2129 5100 lton.
2155 5043 2242 5097 1⁵4⁴.

249 5149 294 5218 17)
312 5147 381 5204 coa.
393 5147 492 5203 Drssd.
505 5156 531 5200 et
544 5146 655 5200 Monac.
668 5159 787 5206 manaen
804 5139 867 5197 coel.
881 5137 965 5194 Goth.
977 5158 1106 5196 munera.
1362 5107 1453 5174 3⁰³⁸
1462 5120 1477 5162 α
1486 5104 1538 5162 ”⁶⁹⁸

248 5233 294 5302 ld)
315 5230 386 5290 cod.
403 5231 515 5286 Monac·
530 5224 546 5285 i
561 5224 643 5292 dria.
1262 5277 1492 5295 ---.--

246 5319 292 5386 19>
311 5319 380 5376 cot.
395 5317 533 5373 Decedet
549 5317 659 5370 Monac.
672 5316 816 5366 sutorem.

242 5404 293 5470 20)
310 5401 382 5460 coa.
395 5399 533 5461 Decedet
545 5397 659 5456 Monac.
673 5399 745 5452 eard
754 5394 883 5448 walter.
1290 5393 1339 5462 21)
1359 5389 1527 5450 acuon.
1537 5401 1650 5448 mentes
1659 5393 1790 5458 amaa«
1802 5395 2077 5454 crambem
