4654 5804
199 193 274 276 615
774 185 1218 270 uetsrotauuut
1274 187 1382 270 LlB.
1411 189 1476 267 IX.
1528 188 1659 274 1545.
2160 196 2234 272 oto

202 367 383 442 tritionem
406 367 484 440 sinc
504 389 588 438 vera
610 365 792 456 agnitione
818 377 1042 458 peccatorum
1062 377 1097 436 et
1118 363 1192 434 irae
1244 409 1249 418 ·
1339 360 1431 436 Cum
1462 377 1578 437 autem
1609 390 1733 438 omncs
1762 355 1955 460 prudentes
1986 369 2101 442 sciant
2135 362 2231 438 bunc

201 471 288 558 Dei,
315 487 350 544 et
367 469 551 540 sinereris
567 468 781 538 terroribus.
831 462 880 538 Et
901 461 994 536 hanc
1016 465 1195 536 linxerunt
1243 464 2231 561 ipsumarticuluminnostrisEcclesiisfideliteretpure
2314 451 2315 498 l

204 574 335 644 mereri
357 569 599 640 remissionem
622 582 866 662 peccatorum,
890 568 920 638 si
943 569 989 636 sit
1008 568 1195 653 sufficiens,
1243 569 1395 658 proponi
1411 581 1446 638 et
1461 569 1638 662 explicari,
1664 584 1699 642 et
1711 573 1897 642 necessitas
1911 573 2095 644 universae
2108 569 2232 642 Eccle

206 672 305 756 †sed
323 672 499 744 neminem
516 671 624 754 scire,
650 672 793 764 quando
808 671 853 740 sit
865 667 1070 742 sufficiens”.
1243 669 1314 738 siae
1333 669 1504 760 postulet,
1530 684 1571 740 ut
1587 671 1723 760 puritas
1739 667 1845 744 huius
1860 674 2000 746 articuli
2016 675 2149 765 optima
2166 675 2233 742 fide

307 773 532 844 Perniciosus
548 785 583 842 et
602 767 660 841 hic
685 795 785 842 error
799 772 879 856 fuit,
905 772 1000 863 quod
1016 765 1196 860 †gravia'’
1244 783 1483 857 conservetur,
1509 796 1573 840 nec
1588 795 1773 862 possumus
1784 776 2033 890 uecgahmrus
2047 775 2233 846 admittere

207 877 375 948 interiora
390 886 529 966 peccata
544 886 771 942 removerunt
793 897 834 941 ex
849 886 1056 963 conspectu,
1083 884 1116 940 et
1132 893 1196 938 ne·
1245 871 1461 962 corruptelas
1479 867 1520 966 ¹⁹)
1540 868 1646 943 huius
1663 873 1815 950 articuli.
1830 858 1851 890 'i

208 993 335 1068 gerunt
349 999 421 1046 esse
444 987 603 1066 peccata,
627 987 670 1044 ut
685 974 941 1072 dubitationes,
964 973 1197 1055 securitatem,
1346 971 1560 1066 Quanquam
1576 987 1694 1044 autem
1709 977 1857 1046 artifices
1871 978 2026 1071 quidam,
2050 977 2114 1072 qui
2131 975 2234 1046 novis

208 1077 452 1162 diffidentiam,
475 1089 508 1144 et
524 1075 610 1144 alias
627 1097 753 1165 pravas
765 1075 1026 1148 inclinationes.
1077 1069 1197 1142 Ecou-
1244 1071 1334 1142 fucis
1350 1075 1502 1164 pingunt
1515 1087 1550 1144 et
1563 1090 1729 1156 excusant
1743 1092 1877 1150 veteres
1891 1082 2031 1165 abusus,
2056 1091 2235 1174 quaeruut

208 1196 262 1254 tra
285 1204 371 1250 vero
387 1177 573 1271 pueriliter
586 1175 764 1248 finxerunt
780 1190 921 1268 peccata
938 1199 978 1246 ex
993 1174 1198 1248 traditioni·
1245 1187 1387 1245 nostrae
1433 1176 1674 1268 explicationis
1697 1172 1741 1273 ²⁰)
1788 1181 2045 1252 cavillationes:
2094 1179 2235 1250 Tamen

207 1288 276 1356 bus
291 1278 469 1352 humanis.
530 1365 532 1371 Ι
1246 1299 1369 1346 omnes
1389 1279 1580 1367 prudentes
1595 1293 1729 1353 norunt
1744 1281 1904 1354 omnium
1923 1283 2076 1374 partium
2100 1280 2235 1352 doctri-
2316 1265 2317 1280 ¹

309 1383 449 1456 Deinde
464 1382 508 1450 de
524 1379 812 1463 enumeratione,
832 1379 876 1448 de
890 1376 1199 1462 satisfactionibus,
1246 1399 1329 1446 uam
1347 1372 1388 1472 ²¹)
1410 1378 1449 1447 in
1471 1371 1540 1448 hoc
1562 1380 1713 1450 articulo
1737 1384 1839 1472 apud
1858 1406 1924 1454 uos
1950 1405 2089 1469 veram,
2115 1383 2236 1452 iucor·'

210 1501 245 1558 et
263 1482 494 1574 indulgentiis
518 1504 653 1550 errores
677 1504 800 1550 eorum
821 1503 910 1572 pene
930 1480 1096 1550 manibus
1121 1479 1199 1570 pal·
1247 1491 1407 1570 ruptam,
1433 1480 1548 1571 piam,
1574 1495 1609 1552 et
1624 1481 1814 1552 salutarem
1830 1507 1913 1558 esse.

210 1589 288 1684 pari
304 1597 465 1680 possunt.
1347 1576 1613 1652 Confessiouem
1628 1607 1711 1653 vero
1726 1597 1760 1654 et
1774 1585 1842 1676 ipsi
1857 1587 1895 1654 in
1915 1609 1983 1656 usu
1997 1585 2058 1678 pio
2080 1585 2235 1656 retinere

308 1687 492 1758 Postremo
513 1683 693 1754 silentium
716 1705 861 1774 prorsus
879 1695 929 1751 est
945 1683 1039 1774 apud
1056 1703 1133 1764 eos,
1156 1681 1200 1748 de
1247 1681 1445 1763 studemus,
1470 1694 1511 1752 ut
1528 1682 1567 1751 in
1582 1707 1621 1752 ea
1644 1685 1796 1776 populus
1810 1687 1992 1758 erudiatur
2006 1701 2042 1758 et
2064 1687 2152 1756 fides
2174 1711 2236 1756 ris-

211 1791 280 1860 lide
301 1812 363 1858 seu
385 1786 512 1858 fiducia
533 1786 573 1853 in
595 1781 778 1856 Christum
801 1783 994 1873 accipiente
1022 1783 1201 1852 remissio·
1248 1783 1349 1870 dium
1366 1779 1411 1878 ²²)
1427 1783 1640 1876 exploretur,
1667 1799 1703 1856 et
1717 1800 1850 1858 mentes
1867 1788 2135 1880 perterrefactae
2149 1812 2237 1858 cone

211 1916 294 1962 nem
315 1901 557 1981 peccatorum,
582 1885 654 1954 imo
670 1884 795 1955 iubent
808 1884 985 1956 dubitare.
1248 1884 1458 1954 solationem
1472 1881 1631 1966 audiant,
1653 1909 1693 1956 ac
1709 1903 1848 1962 maneat
1862 1890 2062 1964 intellectus
2070 1886 2237 1979 Evange-

312 1989 464 2082 Propter
478 1983 544 2057 hos
559 2009 695 2058 errores
706 1985 822 2078 reipsa
837 1986 999 2056 doctrina
1018 2007 1140 2055 eorum
1156 1985 1200 2053 de
1248 1985 1308 2082 lii,
1332 1997 1366 2054 et
1385 1985 1627 2058 testimonium
1647 1989 1849 2079 publicum,
1881 1993 1978 2086 quod
1999 1987 2237 2080 Evangelium

211 2092 429 2189 poenitentia
437 2084 592 2160 Ethnica
607 2085 1019 2182 iquaedamsapientia'*
1033 2100 1095 2170 est,
1111 2109 1200 2178 quae
1248 2109 1330 2156 vere
1362 2088 1574 2160 annunciet·
1588 2089 1831 2160 remissionem
1864 2099 2087 2184 peccatorum
2115 2092 2239 2162 multis

213 2193 444 2268 conscientias
456 2189 627 2285 relinquit
641 2189 680 2258 in
696 2189 919 2260 dubitatione
934 2189 978 2258 de
996 2188 1201 2257 remissione
1249 2187 1409 2277 publice,
1433 2201 1467 2258 et
1482 2189 1648 2280 privatim
1666 2191 1814 2280 siugulis
1829 2195 2029 2284 petentibus
2041 2207 2076 2264 et
2089 2197 2238 2264 creden·
2318 2217 2319 2226 ¹

212 2311 456 2392 peccatorum,
482 2305 543 2363 aut
567 2293 671 2362 docet
689 2291 911 2386 acquiescere
931 2290 971 2358 in
993 2290 1202 2360 satisfactio·
1250 2289 1356 2362 tibus.
1406 2287 1456 2359 Et
1486 2289 1518 2358 si
1550 2291 1713 2360 salutaris
1745 2293 1949 2364 reformatio
1982 2296 2238 2379 institueretur,

212 2401 338 2488 uibus,
364 2397 456 2466 sicut
470 2389 669 2466 Alcorauus
682 2391 830 2465 tradidit
845 2413 1018 2476 canones,
1042 2391 1103 2483 qui
1122 2413 1203 2479 gra·
1250 2390 1436 2484 praecipue
1452 2412 1541 2482 opus
1557 2407 1646 2461 essct
1661 2387 1757 2462 hunc
1770 2407 1884 2464 totum
1893 2395 2081 2467 articulum
2095 2398 2139 2466 de
2153 2420 2240 2488 poe-

214 2503 281 2574 dus
314 2499 542 2582 delictorum,
571 2492 714 2590 ,quibus
747 2492 915 2587 operibus
948 2491 1203 2583 compensandi
1250 2492 1420 2576 nitentia,
1444 2505 1478 2562 et
1494 2492 1691 2562 doctrinam
1709 2495 1752 2562 de
1773 2479 2009 2584 confessione,
2031 2500 2075 2567 de
2100 2500 2240 2590 privata
2319 2571 2320 2580 ἶ

214 2606 287 2682 ,1111
301 2597 354 2697 ¹⁸),
689 2679 691 2687 s
934 2675 937 2682 A
1064 2599 1067 2606 '
1251 2592 1492 2678 absolutione,
1516 2595 1611 2663 etde
1631 2593 1763 2666 fideita
1784 2597 1959 2691 proponi,
1981 2613 2058 2671 tum
2079 2597 2240 2670 inCate-

316 2701 464 2776 Constat
477 2713 594 2774 autem
610 2699 807 2772 doctrinam
822 2697 963 2770 devera
976 2694 1204 2787 poenitentia,
1252 2687 1411 2778 chismis,
1435 2707 1512 2766 tum
1532 2694 1618 2764 alias
1643 2694 1682 2762 in
1704 2699 1934 2770 concionibus
1957 2700 2077 2772 doceri
2100 2714 2135 2770 et
2152 2723 2239 2770 con.-

218 2809 263 2879 de
292 2805 473 2895 agnitione
497 2815 742 2894 peccatorum,
770 2814 805 2872 et
829 2801 903 2870 irae
930 2797 1016 2884 Dei,
1052 2800 1097 2868 de
1121 2821 1204 2866 vera
1252 2795 1403 2880 servari,
1425 2795 1515 2867 sieut
1532 2818 1552 2866 a
1567 2795 1671 2866 nobis
1686 2818 1805 2889 saepe,
1831 2823 1931 2886 vere,
1956 2816 1991 2874 et
2015 2802 2157 2894 copiose
2178 2826 2240 2871 ex-

218 2908 449 2991 contritione‚
481 2917 515 2974 et
537 2903 632 2974 veris
654 2901 867 2988 terroribus,
899 2901 962 2994 qui
985 2901 1139 2970 existunt
1166 2897 1204 2964 in
1253 2896 1402 2988 plicatus
1422 2910 1484 2970 est.

133 3025 136 3031 “
217 3024 337 3080 ruente
368 3017 576 3097 agnoscente
606 3017 764 3096 peccata,
795 3005 839 3074 de
865 3003 934 3072 fide
962 3001 1002 3070 in
1022 2996 1203 3072 Christum
1352 2993 1407 3066 De
1428 2997 1790 3070 excommunicatione
1814 3025 1898 3072 vero
1925 3005 2026 3074 etde
2050 3026 2242 3096 poenase-
2320 3007 2321 3050 ³

217 3111 410 3203 accipiente
427 3107 684 3192 remissionem,
710 3119 746 3176 et
762 3107 806 3176 de
822 3127 916 3174 nova
932 3102 1145 3180 obedientia,
1172 3111 1206 3170 et
1253 3112 1382 3190 quente
1400 3100 1799 3172 excommunicationem
1816 3102 1909 3174 infra
1933 3105 2100 3195 incapite
2118 3107 2162 3176 de
2185 3106 2243 3175 iu-

217 3239 299 3284 vera
323 3209 570 3282 emendatione
602 3207 695 3278 vitae
725 3220 760 3278 et
785 3229 946 3286 morum,
978 3203 1205 3294 praecipuum
1253 3198 1357 3268 diciis
1379 3196 1635 3270 Ecclesiasticis
1659 3203 1807 3278 dicetur.
1864 3203 1970 3278 Nunc
1993 3207 2089 3280 enim
2111 3207 2157 3278 de
2181 3209 2242 3300 pio

219 3339 291 3386 esse
320 3323 425 3404 caput
451 3309 633 3380 doctrinae
659 3301 904 3386 Christianae,
935 3305 1033 3398 quod
1055 3303 1206 3374 maxime
1253 3323 1320 3371 usu
1335 3298 1642 3374 sacramentorum
1658 3297 1773 3374 adhuc
1789 3304 1953 3384 dicimus.

152 3499 156 3504 ,
220 3441 309 3508 opus
327 3429 379 3485 est
396 3413 531 3482 sincere
547 3423 581 3480 et
594 3409 796 3500 incorrupte
811 3407 914 3479 tradi.
1367 3429 1375 3438 ·

320 3513 374 3586 Ac
389 3512 594 3602 intelligunt
608 3533 731 3580 omnes
751 3508 803 3602 pii
818 3531 855 3578 se
869 3531 954 3592 vero
973 3515 1113 3598 pectore
1128 3497 1205 3570 Deo

220 3621 348 3712 gratias
363 3639 464 3707 agere
482 3615 619 3698 debere,
640 3635 706 3704 pro
720 3610 893 3681 immenso
908 3605 1090 3690 beneficio,
1109 3603 1203 3698 quod
1354 3593 1547 3689 Postquam
1569 3592 1666 3668 Deus
1691 3597 1794 3669 initio
1815 3624 1880 3692 per
1892 3596 2029 3686 Adam,
2055 3615 2090 3674 et
2113 3605 2245 3676 deinde

218 3743 341 3793 rursus
368 3717 529 3790 accendit
555 3715 669 3784 lucem
696 3708 805 3784 huius
828 3711 1029 3794 doctrinae,
1059 3704 1205 3797 depulsa
1254 3723 1317 3792 per
1334 3693 1425 3768 Abel
1446 3697 1600 3768 instituit
1617 3700 1849 3770 ceremonias:
1874 3703 1993 3772 statim
2007 3702 2097 3774 Cain
2113 3719 2149 3776 et
2168 3706 2245 3776 eius

220 3823 369 3913 caligine
401 3831 436 3888 et
455 3816 593 3886 reiectis
621 3815 820 3900 erroribus,
853 3826 893 3884 ut
915 3813 1029 3882 sciant
1054 3807 1126 3878 iam
1155 3805 1207 3896 pii
1255 3801 1449 3874 imitatores
1476 3793 1682 3893 hypocritae
1707 3803 1943 3892 depravarunt
1965 3827 2039 3891 eas,
2072 3808 2245 3878 etvarias

220 3949 303 3996 vera
317 3933 541 4016 peccatorum
557 3916 780 4002 discrimina,
803 3927 836 3986 et
859 3913 924 3986 ubi
944 3935 1027 3983 vera
1045 3907 1207 3980 consola·
1255 3899 1471 3993 corruptelas
1489 3899 1715 3972 affinxerunt.
1766 3899 1819 3973 lta
1840 3902 1879 3972 iu
1900 3907 2032 3997 populo
2051 3903 2163 3979 lsraiil
2188 3935 2245 3980 ce-

221 4029 271 4100 tio
300 4024 453 4117 petenda
476 4021 543 4106 sit,
570 4043 610 4090 ae
639 4031 774 4088 norunt
806 4011 872 4086 bos
903 4038 976 4087 esse
1001 4011 1208 4105 praecipuos
1255 3997 1555 4076 remoniasaDeo
1570 4002 1751 4074 ordinatas
1766 4005 2024 4080 transtulerunt
2038 4003 2245 4104 hypocritae

222 4129 336 4200 cultus
360 4123 448 4206 Dei,
481 4143 706 4210 expavescere
733 4131 923 4208 conspectu
946 4127 1087 4184 nostrae
1107 4110 1209 4180 infir-
1256 4107 1301 4180 ad
1320 4106 1466 4188 abusus,
1499 4116 1533 4174 ct
1556 4127 1669 4174 novae
1692 4108 1905 4195 excogitatae
1924 4123 2028 4192 sunt,
2062 4121 2104 4180 ut
2128 4113 2245 4184 cultus

221 4227 354 4301 mitatis
371 4239 406 4296 et
423 4224 495 4292 irae
509 4219 597 4302 Dei,
623 4233 790 4290 ettamen
805 4219 994 4306 confugere
1009 4215 1055 4284 ad
1074 4211 1209 4282 media·
1256 4203 1361 4292 Baal,
1386 4217 1421 4274 et
1442 4204 1670 4276 excelsorum.
1720 4203 1792 4276 Nee
1817 4207 1908 4277 ratio
1930 4203 2088 4290 humana
2112 4213 2246 4286 iudicat

222 4347 335 4403 torem
351 4322 551 4406 Christum,
577 4335 612 4392 et
629 4336 781 4392 statuere
803 4331 948 4412 propter
963 4317 1080 4409 ipsum
1097 4313 1210 4381 dona·
1257 4329 1331 4378 esse
1352 4317 1511 4399 peccata,
1542 4304 1757 4376 ceremonias
1785 4331 1805 4376 a
1828 4305 1905 4379 Deo
1928 4307 2108 4382 institutas
2130 4327 2246 4386 trans·

224 4449 293 4504 tam
318 4453 390 4498 esse
409 4425 650 4496 remissionem
670 4435 911 4513 peccatorum,
938 4431 972 4489 et
995 4413 1061 4487 hac
1081 4413 1150 4482 lide
1171 4412 1210 4480 in
1256 4410 1348 4478 ferre
1369 4409 1415 4478 ad
1437 4406 1525 4475 alios
1541 4429 1625 4476 usus
1646 4419 1785 4498 praeter
1804 4409 2085 4498 iustitutionem,
2109 4430 2173 4486 aut
2188 4441 2246 4486 ex-

223 4529 365 4608 Christo
391 4527 627 4622 acquiescere,
658 4525 748 4594 sicut
771 4524 939 4615 scriptum
963 4533 1031 4592 est:
1064 4506 1211 4606 Iastifi-
1258 4509 1411 4600 cogitare
1427 4529 1541 4578 novos
1557 4508 1685 4584 cultus.
1721 4505 1799 4578 lmo
1815 4512 1918 4582 sentit
1936 4506 2002 4583 hos
2015 4513 2105 4586 ritus
2118 4517 2246 4588 eximia

225 4625 383 4725 catifidc
397 4651 521 4726 pacem
536 4620 725 4696 habemas.
1244 4632 1364 4724 ¹opera
1388 4632 1482 4692 esse,
1514 4620 1611 4698 grata
1635 4607 1730 4696 Deo,
1763 4611 1853 4680 iram
1876 4611 1951 4682 eius
1979 4615 2177 4706 placantia,
2208 4631 2247 4688 ut

326 4731 556 4804 Hanrlucem
573 4725 777 4812 doctrinae,
803 4725 833 4793 si
847 4723 927 4818 quis
949 4743 1023 4794 nou
1037 4715 1212 4809 magnifa-
1259 4735 1340 4784 cum
1362 4709 1542 4782 lsraiilitae
1573 4709 1612 4778 in
1642 4710 1809 4810 omnibus
1836 4714 2019 4786 montibus
2045 4731 2246 4791 extruerent

225 4843 284 4928 cit,
306 4833 430 4930 procul
447 4833 545 4907 abest
561 4854 580 4900 a
595 4821 729 4900 Christi
744 4825 936 4915 agnitione,
961 4839 997 4895 et
1012 4817 1118 4892 babet
1131 4817 1213 4890 aui·
1259 4811 1405 4898 sacella,
1430 4809 1678 4882 existimabant
1693 4833 1729 4881 se
1743 4835 1869 4904 augere
1886 4815 1981 4887 bona
1996 4839 2115 4910 opera,
2142 4833 2178 4893 et
2193 4845 2246 4894 sa-

226 4967 322 5016 mum
338 4947 546 5027 occupatum
560 4928 719 5022 profanis
732 4941 794 5000 aut
810 4919 1066 5020 philosophicis
1084 4905 1213 5012 imagi·

226 5042 445 5118 nationibus.
581 5077 586 5085 ·

1435 3487 1445 3518 κ
1544 3455 1607 3532 Dc
1634 3453 1759 3534 Coena
1781 3459 1953 3536 Domini.

1296 5089 1342 5158 19)
1361 5087 1425 5142 Per.
1440 5105 1491 5143 nee
1502 5095 1620 5156 possum
1631 5105 1682 5144 nee
1693 5091 1795 5144 deberit
1806 5092 1924 5146 admitti
1933 5097 2122 5162 corruptelae.

224 5210 449 5236 ,,,........-..
1295 5173 1340 5240 20)
1358 5171 1422 5226 Per.
1434 5181 1675 5226 matranorum
1689 5175 1920 5240 explicationem.

263 5312 307 5378 18)
323 5309 394 5362 sicat
420 5297 582 5366 Ateommj
596 5291 661 5366 etc-1
688 5245 861 5350 borchardus
889 5287 990 5344 lineola
1014 5279 1119 5344 nonsit
1137 5279 1213 5354 quasi
1288 5261 1342 5334 .²¹l
1361 5257 1427 5357 1³⁶²:
1434 5259 1610 5324 Wlmlemt'ss
1623 5261 1794 5357 martham.

296 5368 544 5450 praetermittenda.
1296 5343 1343 5412 ἃ)
1360 5343 1486 5412 radiato]
1498 5340 1563 5396 Pes.
1575 5343 1736 5396 murm.
