4754 5806
122 219 171 292 81

46 385 55 404 “
120 387 219 482 quos
234 371 399 480 operatus
413 399 466 460 est
482 386 522 458 in
535 385 639 460 vobis
655 399 801 482 propter
814 383 987 480 templum
1003 405 1119 471 snum,

120 505 163 562 ut
177 487 339 560 Psalmus
353 489 481 584 inquit.

708 207 1142 292 setsronsntttt
1191 208 1300 290 ms.
1328 211 1393 288 1x.
1446 211 1578 294 1648.

1171 383 1290 456 studio
1304 379 1362 456 his
1375 385 1681 476 gubernatoribus.
1726 389 1767 466 Si
1781 415 1856 466 non
1869 389 2036 466 advenies
2046 393 2162 480 brevi,
2285 429 2290 440 ·

1168 487 1325 558 rationes
1339 487 1406 558 tibi
1423 489 1488 558 lilii
1505 491 1698 566 mittemus.
1745 493 1837 566 Nam
1855 497 1920 566 etsi
1936 508 1987 564 est
2002 495 2160 586 frugalis,

221 589 276 662 De
296 587 507 663 Elmatione
527 591 629 662 mitto
650 588 719 662 tihi
736 581 926 660 Friderici
939 581 1121 684 Myconii
1167 599 1285 658 umen
1308 589 1381 660 iam
1401 613 1467 682 pro
1487 614 1606 664 mensa
1628 593 1765 690 aliquid
1788 598 1905 674 debet.
1951 593 2048 666 Bene
2069 597 2158 672 vale.

119 693 242 762 literas
251 684 307 786 ⁴),
338 715 379 762 ex
400 692 530 786 quibus
546 691 720 782 intelliges
735 691 774 760 in
789 689 936 784 Synodo
952 687 1117 760 Thurin·
1165 685 1234 760 Die
1249 691 1365 784 prima
1379 688 1526 786 Aprilis.

120 793 199 882 gica
228 794 432 884 abrogatam
459 816 532 866 esse
553 793 592 864 in
615 791 738 864 multis
762 791 850 862 locis
872 791 1115 863 elevationem.

1675 807 1866 910 Philippus
1880 812 2106 894 Melanthnn.
2253 863 2254 872 κ

117 891 170 964 Et
184 894 342 986 prolecto
358 893 512 979 multae,
544 917 692 986 magnae
705 907 739 964 et
752 915 856 964 verae
875 915 999 964 causae
1018 905 1114 979 sunt,
1233 923 1235 927 ’

117 1019 231 1088 quare
252 997 450 1088 prodesset,
481 1019 559 1066 eam
582 1019 657 1066 esse
678 994 859 1069 abolitam.
915 991 1115 1068 Confirma-
1237 1071 1238 1076 ,
1347 1091 1353 1100 .

118 1097 174 1165 vit
197 1097 294 1166 enim
314 1096 464 1167 elevatio
480 1099 570 1168 duos
584 1095 800 1190 perniciosor
817 1118 971 1182 errores,
996 1109 1112 1167 tram-

116 1197 464 1282 snbstantiationem,
488 1210 691 1268 etermrem
705 1198 750 1268 de
763 1195 955 1272 Sacrificio.
986 1194 1113 1286 Quen·
1162 1185 1358 1314 Q.

117 1313 198 1370 tum
221 1298 316 1368 enirn
337 1299 446 1369 falsae
466 1299 685 1370 adorationis
699 1321 740 1369 ex
754 1311 907 1394 utroque
922 1321 1041 1369 errore
1056 1321 1112 1367 se-

117 1413 242 1470 cutum
259 1399 324 1484 sit,
357 1399 434 1470 dies
455 1399 670 1471 novissimus
691 1401 873 1486 ostendet,
904 1422 985 1470 cum
1003 1394 1112 1471 Chri-

82 1493 84 1501 ’
117 1513 195 1570 stus
210 1513 340 1592 reteget
355 1513 494 1592 peccata
509 1501 649 1576 mundi.
698 1495 735 1574 0
751 1513 894 1573 aeterne
907 1497 1022 1586 Deus,
1048 1524 1111 1592 pa-

119 1613 174 1672 ter
198 1601 399 1674 liberatoris
418 1601 532 1674 nostri
554 1599 633 1674 lesu
647 1595 797 1688 Christi,
829 1615 975 1696 propter
995 1601 1110 1674 lilium

116 1715 222 1773 tuum
244 1725 324 1794 rege
335 1701 474 1796 Spiritu
487 1717 610 1776 sancto
630 1715 693 1774 tuo
709 1715 843 1774 meotes
858 1702 1061 1798 principum
1077 1714 1111 1772 et

117 1805 308 1874 doctorum
329 1801 525 1889 Ecclesiae,
566 1817 600 1878 et
621 1805 772 1876 accende
797 1829 918 1877 reram
943 1805 1109 1898 pietatem

117 1904 158 1976 in
174 1905 316 1990 multis,
348 1919 389 1976 ut
404 1929 485 1976 vere
500 1904 568 1978 tibi
583 1905 774 1992 serviatur,
806 1929 847 1976 ae
867 1918 1033 1977 maneant
1053 1929 1112 1976 rea

116 2005 253 2098 liquiae
274 2029 377 2078 verae
398 2003 588 2081 Ecclesiae.
641 2003 743 2078 Bene
766 2008 856 2086 sale.
904 2005 973 2080 Die
994 2005 1111 2101 prime

118 2105 266 2199 Aprilis.

1968 1205 2027 1287 (im
2049 1203 2144 1290 sp..)

1944 1291 2157 1330 &ew

1494 1370 1556 1460 A.
1590 1375 1821 1465 Osiandro.

1232 1545 1378 1672 EpistAlib.
1390 1549 1440 1605 lll.
1453 1567 1480 1621 p.
1489 1549 1549 1636 191.
1568 1552 1693 1637 (εεικιὶηΙ
1705 1553 1735 1608 in
1748 1553 1791 1610 ed.
1805 1553 1895 1611 tout.
1909 1553 1956 1614 lib.
1966 1557 2013 1617 lli.
2025 1579 2068 1632 ep.
2077 1561 2156 1632 tls).

1264 1619 1996 1766 amassepraeessemus

1237 1835 1454 1914 Andreae
1479 1818 1738 1929 Osiuodru,
1764 1843 2079 1952 (Norimbergae.)

1164 1949 1209 2041 S.
1260 1971 1351 2045 Cum
1365 1972 1563 2068 Epistulam
1578 1971 1912 2071 tuam'legissemus,
1937 2008 2000 2076 ego
2015 2001 2050 2059 et
2063 1985 2156 2058 Hie-

1166 2095 1342 2170 ronymus
1363 2070 1572 2160 Schreiber,
1610 2079 1698 2150 civis
1721 2077 1852 2170 vester,
1885 2099 1919 2156 et
1940 2087 2155 2182 intelligere-

1166 2199 1264 2263 mus,
1297 2191 1331 2248 te
1348 2201 1423 2248 non
1444 2201 1588 2272 prorsus
1611 2181 1656 2251 de
1678 2181 1790 2253 salute
1809 2181 2013 2258 iuliacensis
2031 2195 2155 2284 despe-

1000 2260 1011 2285 ⁰
1060 2275 1066 2290 ’
1103 2345 1110 2354 ,
1165 2299 1260 2363 rare,
1291 2303 1374 2349 sane
1397 2282 1537 2370 gavisus
1560 2305 1665 2364 sum,
1689 2295 1723 2353 te
1747 2283 1838 2354 hene
1861 2287 2025 2365 ominari.
2081 2291 2155 2364 Sed

125 2597 194 2674 No.
208 2599 325 2674 2673.

120 2695 337 2736 m
500 2783 539 2870 Ι.
577 2779 728 2870 Ionae.

256 2950 342 3031 Epist.
358 2954 407 3013 tit.
424 2953 459 3014 V.
476 2973 503 3029 p.
516 2954 553 3014 SS
569 2975 611 3028 sq.

450 3101 588 3178 Iusto
619 3101 780 3182 Ῑαααι.
1030 3179 1033 3188 ,

116 3224 162 3316 S.
187 3239 234 3318 D.
285 3231 419 3314 Paulus
440 3241 578 3336 inquit,
617 3263 701 3328 nos,
737 3240 800 3334 qui
821 3235 1056 3328 Evangelium
1078 3253 1112 3312 et

117 3343 337 3429 doctrinam,
363 3335 453 3440 quae¹
468 3343 592 3414 lumen
616 3356 669 3414 est
690 3342 800 3428 vitae,
830 3339 1111 3412 circumferimus

116 3450 321 3542 φωστῆρας
333 3443 375 3518 ἐν
387 3437 517 3540 κόσμῳ
532 3439 638 3530 εἶναι,
665 3440 862 3544 ἐπέχοντας
874 3433 989 3541 λόγον
1004 3437 1109 3536 ζωῆς.

115 3547 247 3620 Nostra
269 3547 379 3638 igitur
397 3545 551 3638 proferri
575 3559 610 3617 et
631 3545 771 3617 narrari
794 3557 953 3637 possunt.
1010 3542 1110 3634 Quid

116 3649 238 3730 aulae,
276 3648 364 3743 quid
385 3659 580 3718 conventus
602 3660 725 3738 agant,
757 3667 886 3735 magno
908 3643 1026 3716 studio
1049 3671 1109 3716 oc-

116 3751 286 3825 cultatur.
340 3743 389 3820 Et
419 3771 484 3840 ego
518 3748 698 3844 inquirere
729 3747 866 3818 curiose
898 3769 972 3818 non
1001 3747 1109 3824 soleo.

116 3851 252 3922 Versor
266 3873 347 3942 ergo
363 3850 402 3920 in
416 3845 557 3934 schola,
588 3863 622 3919 et
637 3860 775 3920 nostras
788 3847 965 3936 literulas,
996 3847 1109 3917 donec

115 3951 213 4024 Deus
227 3953 407 4036 concedet,
427 3975 589 4043 propono
605 3943 821 4021 scholasticis
835 3942 901 4018 hac
917 3970 990 4041 spe,
1010 3951 1107 4043 quod

115 4053 233 4127 Deum
257 4075 332 4124 uon
352 4046 520 4122 humanis
541 4051 744 4142 praesidiis,
779 4051 841 4122 sed
863 4071 925 4121 sua
950 4049 1108 4132 bonitate

115 4153 312 4228 Ecclesiam
326 4166 627 4224 cumservaturum
651 4175 725 4223 esse
746 4152 872 4227 sentio.
922 4147 1023 4224 Sicut
1037 4147 1108 4220 Ar-

116 4281 193 4328 eam
216 4257 378 4328 servabat
399 4254 493 4326 inter
513 4251 743 4328 Palaestinos.
793 4248 843 4324 Et
866 4265 907 4324 ut
930 4248 969 4322 in
992 4250 1107 4324 Musis

116 4373 201 4454 typo
219 4357 452 4447 significatum
470 4366 540 4442 est,
571 4353 636 4426 nbi
650 4353 770 4425 Moses
790 4353 964 4447 petiverat
985 4351 1107 4424 ridere

113 4459 252 4545 Deum,
284 4482 324 4529 ac
346 4459 536 4550 respondet
556 4454 654 4528 Deus
676 4479 732 4542 se,
773 4467 921 4526 stantem
941 4452 1043 4524 illum
1065 4455 1104 4523 in

113 4585 218 4643 saxo,
243 4558 515 4653 praeteritumm
528 4579 617 4643 esse,
643 4571 678 4629 et
692 4557 740 4628 ita
754 4555 1040 4649 praeteriturum,
1063 4569 1104 4626 ut

111 4687 223 4734 manu
239 4673 478 4750 eumtcgeret.
510 4656 580 4733 Hic
593 4655 770 4756 Dominus
784 4673 850 4732 nos
863 4669 966 4750 teget.
996 4655 1112 4728 Prin-x

112 4763 209 4856 cipes
221 4759 399 4852 implicari
412 4759 493 4830 aliis
506 4761 614 4832 rebus
627 4759 744 4834 video.
1011 4783 1018 4794 ·

215 4863 258 4938 Si
271 4854 452 4936 Cantetur
471 4861 621 4946 nobilis,
654 4861 698 4931 de
722 4879 792 4954 quo
815 4857 958 4944 scribis,
988 4856 1102 4928 lilium

113 4961 185 5036 huc
196 4965 326 5045 mittet,
350 4964 636 5034 commendemus
649 4985 730 5033 eum
744 4953 1019 5045 autMortello,
1041 4971 1103 5030 aut

114 5060 249 5141 Paulo.
304 5064 379 5138 Nec
402 5065 548 5149 dubito,
584 5063 676 5136 bene
701 5061 902 5135 consultum
924 5061 1001 5132 iore
1028 5059 1102 5132 eius

112 5267 321 5288 m

146 5387 178 5455 ¹¹)
197 5383 261 5440 vlt.
277 5381 353 5455 epist.
365 5380 489 5455 Myconii
503 5381 529 5436 d.
541 5375 691 5438 astanti
706 5377 781 5435 ists.
796 5377 933 5452 scriptam.

114 5467 295 5534 ilssssrr.
310 5463 415 5528 Orsa.
429 5461 511 5526 Vos..
526 5461 568 5524 V.

1165 2375 1255 2449 mihi
1270 2381 1366 2452 subit
1380 2382 1549 2467 animum,
1574 2405 1648 2452 non
1664 2383 1708 2453 de
1723 2383 1785 2454 illo
1799 2409 1884 2472 uno,
1904 2391 1962 2459 sed
1978 2393 2022 2462 de
2034 2395 2155 2462 omni-

1165 2481 1232 2551 bus
1254 2477 1475 2574 principibus
1496 2483 1660 2573 cogitare.
1709 2481 1799 2557 Ruit
1807 2481 1836 2582 ¹)
1858 2489 1930 2559 alto
1955 2513 1975 2561 a
1999 2493 2154 2564 culmine

1009 2651 1018 2669 ,
1103 2653 1111 2670 ‚
1166 2580 1287 2652 Troia.
1337 2582 1397 2656 Sic
1418 2586 1575 2677 profecto
1596 2583 1712 2656 fatalis
1733 2589 1880 2660 mutatio
1901 2584 1984 2661 huic
2000 2591 2153 2686 imperio
2246 2617 2262 2630 ”

1166 2683 1359 2775 impendet.
1395 2683 1592 2756 Meministi
1607 2683 1766 2757 Platonis
1780 2689 1932 2777 dictum,
1958 2697 2054 2787 quod
2069 2696 2155 2766 Ari-

1106 2825 1110 2832 ·
1165 2787 1305 2856 stoteles
1319 2787 1358 2855 in
1373 2790 1453 2860 πολ.
1472 2780 1498 2859 s'
1512 2787 1652 2859 recitat:
1677 2784 1798 2884 ἀρχὴν
1816 2785 1856 2863 d'
1880 2785 1974 2866 eiras
1994 2789 2152 2882 τούτων,

1165 2875 1198 2956 ὦ
1227 2881 1286 2959 ἐπὶ
1314 2888 1438 2986 epicos
1463 2881 1623 2984 πύθμην
1646 2884 1834 2982 ammeta
1862 2886 2048 2994 σύζυγεις,
2082 2891 2154 2970 δύο

1165 2982 1348 3083 ἁρμονίας
1370 2987 1571 3086 περιέχεται
1590 2985 1670 3088 τρὶς
1693 2986 1879 3086 αὐξηθείς.
1944 2995 2005 3068 Sic
2028 3011 2063 3068 et
2089 3021 2154 3088 ego

1165 3091 1290 3175 video,
1330 3091 1508 3162 absolutas
1542 3113 1616 3163 esse
1649 3089 1863 3163 Germaniae
1898 3089 2100 3170 harmonias
2111 3095 2155 3196 ²).

1165 3190 1363 3281 Quingenti
1382 3192 1469 3276 anni
1492 3207 1575 3266 sunt
1595 3205 1675 3285 post
1697 3191 1809 3282 legem
1832 3193 1937 3266 latam
1952 3200 1997 3268 de
2009 3195 2155 3272 Electo-

1164 3285 1321 3388 ribu's*).
1379 3290 1418 3364 ld
1448 3294 1517 3365 luit
1546 3309 1780 3388 tempusque
1807 3293 1965 3391 exacto³)
1998 3299 2153 3392 insignes

1162 3395 1308 3467 fuerunt
1330 3395 1579 3466 conversiones
1603 3389 1844 3482 Athenarum,
1882 3396 2046 3490 Spartae,
2074 3401 2153 3476 lto-

1163 3519 1257 3582 mae,
1288 3495 1389 3585 regni
1411 3493 1549 3590 Solymi
1571 3509 1607 3566 et
1626 3497 1789 3567 aliorum.
1839 3494 1920 3570 Huc
1940 3503 2031 3572 adde
2048 3503 2153 3595 dege-

1162 3619 1264 3667 neres
1278 3595 1461 3689 Principes
1469 3595 1511 3691 ⁴).
1560 3589 1662 3668 Nihil
1685 3591 1868 3668 heroicum
1890 3599 1929 3669 in
1950 3603 2024 3673 ulla
2045 3603 2153 3674 iami-

1162 3699 1210 3769 lia
1220 3693 1266 3794 ‘);
1297 3697 1414 3768 usuris
1435 3711 1470 3770 et
1492 3721 1571 3770 aere
1595 3697 1713 3770 alieno
1734 3699 1892 3793 oppressi
1913 3697 2094 3800 omnes⁸),
2117 3719 2152 3778 et

1160 3793 1340 3894 βοαλιμία
1361 3799 1400 3869 in
1423 3799 1698 3892 expilationibus
1717 3814 1770 3872 est
1789 3799 1939 3878 infinita.
1998 3801 2051 3876 Ac
2071 3829 2151 3877 me·

1083 3943 1088 3952 .
1161 3900 1251 3970 mini
1268 3892 1496 3996 Copnionem
1511 3901 1645 3982 dicere,
1672 3925 1753 3972 cum
1768 3901 1941 3974 alluderet
1955 3907 2001 3974 ad
2018 3906 2151 3978 libera·

1161 4015 1295 4074 nouem
1314 3999 1572 4072 lsra'e'litarum:
1606 4004 1750 4094 quando
1761 3997 1788 4096 ⁷)
1812 3997 2041 4094 duplicantur
2060 4007 2150 4078 late-
2257 3997 2262 4002 ⁵

1159 4125 1233 4189 res,
1263 4102 1362 4174 venit
1379 4099 1499 4173 Moses
1509 4095 1551 4197 ⁸).
1599 4095 1720 4173 Etiam
1743 4123 1885 4194 geneses
1904 4099 2006 4200 aut⁹)
2029 4107 2149 4181 tristes

1193 4410 1222 4479 1)
1240 4385 1401 4481 llicineipit
1414 4407 1491 4482 epist.
1505 4407 1534 4462 in
1547 4363 1638 4480 apogr.
1653 4405 1738 4462 Paris.

1190 4494 1219 4564 2)
1235 4493 1391 4547 Meministi
1401 4491 1526 4544 Ρὶαέαηία
1538 4517 1574 4533 -
1585 4491 1742 4544 tarmonm
1754 4488 1816 4547 cod.
1830 4489 1917 4549 Paris.
1928 4509 1984 4550 non
1997 4493 2084 4554 babet.

1190 4578 1221 4650 ⁴¹)
1236 4579 1268 4634 ln
1288 4577 1364 4699 epist.
1384 4575 1421 4659 ad
1430 4573 1568 4645 lisgecnm
1588 4573 1616 4629 d.
1629 4573 1655 4628 d.
1670 4577 1693 4657 1,.
1707 4571 1789 4628 stan.
1804 4575 1877 4630 sss&
1892 4575 2052 4660 ldelsnthon
2069 4581 2146 4654 dicit,

1223 4654 1397 4769 'sagonam
1416 4643 1504 4716 legem
1523 4641 1557 4698 de
1569 4642 1739 4701 Electonhus
1753 4640 1834 4698 lstsm
1847 4661 1905 4701 csse
1918 4663 1979 4718 apso
1991 4667 2064 4706 anno
2077 4651 2146 4708 mil·

1190 4799 1219 4866 8)
1236 4806 1337 4852 exodo
1351 4795 1413 4852 coel.
1426 4795 1510 4851 Paris.
1523 4814 1580 4850 non
1594 4795 1682 4852 babet.

1190 4883 1378 5020 θ’ξεέῑααιε
1389 4881 1532 4956 Principes
1546 4881 1579 4936 sd
1593 4879 1768 4954 mitigandam
1780 4884 1940 4940 sententiam
1956 4883 2068 4942 inseruit
2078 4891 2143 4955 ste-

1190 5035 1219 5102 5)
1236 4970 1431 5104 uttaseims'tn]
1450 5031 1513 5086 Pes.
1526 5030 1761 5100 mutossamsttis.

1189 5120 1219 5190 6)
1237 5119 1348 5186 omnes]
1366 5115 1430 5170 Pes.
1446 5113 1573 5170 mutarita
1588 5115 1723 5183 plerique.

1114 5207 1120 5264 ,ἐ
1187 5204 1217 5270 7)
1236 5203 1360 5272 qundo]
1377 5197 1439 5254 cod.
1453 5194 1538 5252 Paris.
1552 5213 1624 5251 nem.

1116 5309 1117 5314 ¹
1189 5288 1220 5354 8)
1237 5279 1532 5343 ostentationes.

1189 5363 1218 5444 9)
1234 5379 1287 5427 aut
1298 5367 1371 5424 abest
1385 5383 1399 5422 a
1412 5363 1475 5422 eod.
1488 5360 1573 5418 Paris.

1313 5441 1338 5514 6
