4654 5804
80 273 147 352 688
641 263 1081 345 EPISTOLARUM
1140 263 1251 340 LIB.
1286 265 1352 344 tx.
1404 264 1537 344 tato.
2041 265 2118 344 684

81 461 111 519 et
124 445 345 520 discentium.
381 441 436 517 Ita
452 439 630 516 Iohannes
646 439 874 535 Evangelista
890 456 925 514 et
939 441 1069 514 deinde
1118 440 1239 512 citudo
1255 442 1300 511 de
1315 441 1476 512 doctrina
1492 455 1527 514 et
1542 443 1586 512 de
1602 437 1792 511 ministerii
1805 433 2014 533 Evangelici
2027 465 2115 514 con·
2239 455 2260 474 ⁸

79 549 287 645 Polycarpus
303 561 338 618 et
351 547 414 618 alii
427 548 534 619 multi
552 547 785 641 pulcerrimos
804 557 931 619 coetus'
948 541 1070 616 homi·
1117 545 1337 630 servatione,
1360 558 1530 636 poterunt
1550 547 1657 640 etiam
1673 543 1712 612 iu
1735 538 1802 614 hac
1815 545 1942 638 politia
1956 569 2022 636 pro
2037 569 2116 616 mo-

80 677 161 724 nuru
184 650 385 723 eruditione
410 665 445 722 et
468 651 601 723 virtute
625 649 902 743 praestantium,
936 650 1069 719 docen-
1116 647 1164 716 do
1197 669 1342 718 suarum
1366 647 1498 720 virium
1526 661 1589 718 aut
1612 669 1694 717 suae
1724 646 1921 718 industriae
1946 643 2116 720 Ecclesiis

79 757 162 830 tium
185 767 220 826 et
245 753 449 825 auditorum
472 777 593 824 secum
614 747 832 826 babuerunt.
890 750 963 822 Nec
985 751 1068 843 pul·
1116 749 1254 821 utiliter
1275 749 1419 824 servire.

79 858 165 930 erius
176 857 293 927 ullum
309 869 384 927 toto
399 857 484 926 orbe
503 869 678 927 terrarum
705 853 942 946 spectaculum
967 867 1068 938 esset,
1217 849 1302 923 Ideo
1325 847 1419 922 hanc
1441 862 1601 924 nostram
1628 851 1917 924 reformationem
1945 854 1990 922 ad
2021 853 2115 943 leges

79 984 177 1056 quam
205 961 326 1028 videre
357 960 463 1028 talem
496 957 666 1029 Senatum
696 970 731 1027 et
760 957 867 1028 talem
897 951 1067 1030 scholam.
1115 954 1275 1041 divinas,
1306 979 1397 1046 quae
1426 969 1467 1026 ut
1497 968 1582 1027 sunt
1614 967 1795 1039 aeternae,
1826 956 1874 1026 ita
1908 977 2047 1055 semper
2071 955 2116 1026 ab

79 1063 173 1134 Nunc
189 1085 292 1146 vero,
317 1061 348 1129 si
364 1056 449 1130 baec
463 1060 617 1130 recentia
634 1059 779 1148 collegia
796 1062 839 1128 ad
856 1059 954 1127 illam
971 1073 1066 1127 vete·
1115 1057 1282 1128 omnibus
1310 1051 1518 1128 hominibus
1542 1057 1710 1128 colendae
1732 1071 1850 1142 eraut,
1883 1057 2117 1144 instituimus,

79 1189 145 1234 rem
167 1165 357 1256 imaginem
374 1163 615 1248 conferantur,
641 1175 771 1254 quanta
790 1161 858 1233 erit
883 1159 1067 1230 dissimili·
1114 1183 1190 1228 non
1207 1162 1251 1229 ad
1268 1161 1407 1250 regulas
1421 1155 1581 1230 humano
1606 1159 1756 1229 consilio
1777 1163 2007 1251 excogitatas,
2034 1159 2116 1254 qui-

79 1266 182 1338 tudo?
1114 1263 1183 1332 bus
1199 1262 1432 1334 dominantur
1449 1276 1622 1355 tempora.
1640 1285 1643 1292 ’

170 1366 240 1439 Sed
256 1368 340 1462 quia
361 1393 437 1439 non
455 1392 580 1439 omnes
600 1369 640 1438 in
656 1365 814 1457 collegiis
831 1379 915 1435 suut
931 1360 1067 1456 Epicu·
1216 1361 1378 1434 Primum
1404 1365 1507 1435 fateri
1536 1364 1604 1456 ipsi
1638 1377 1835 1455 coguntur,
1880 1362 1998 1438 Deum
2034 1376 2115 1434 ante

78 1471 160 1556 raei,
192 1473 253 1540 sed
277 1471 389 1565 aliqui
411 1472 569 1542 saniores
597 1469 770 1542 iudicium
792 1467 860 1540 Dei
890 1480 1067 1552 metuunt,
1106 1465 1234 1535 omnia
1253 1467 1471 1558 praecepisse
1488 1464 1697 1560 Episcopis,
1723 1481 1764 1537 ut
1786 1469 1936 1540 doceant
1950 1464 2115 1558 Evange-

77 1568 128 1643 his
137 1573 268 1642 servire
283 1587 403 1642 nostra
418 1574 662 1644 moderatione
677 1575 720 1642 ad
738 1573 887 1641 salutem
904 1585 938 1640 et
952 1591 1067 1664 quan-
1114 1569 1204 1639 lium
1229 1593 1292 1660 per
1315 1571 1447 1662 seipsos
1463 1583 1524 1640 aut
1538 1583 1633 1670 certe
1649 1593 1713 1662 per
1728 1569 1816 1639 alios
1832 1571 1953 1640 doceri
1978 1583 2114 1654 curent,

77 1672 249 1745 tumDeus
264 1677 450 1757 concedet,
478 1690 645 1746 manente
669 1670 734 1744 bac
752 1674 877 1766 politia
900 1695 1066 1742 revocare
1114 1684 1148 1741 et
1169 1685 1263 1741 recte
1289 1686 1472 1743 exerceant
1499 1672 1845 1742 administrationem
1867 1671 2114 1744 Sacramentu-

78 1801 129 1848 eos
142 1780 186 1846 ad
200 1777 428 1848 vocationum
447 1779 561 1849 officia
577 1779 751 1870 cupimus.
788 1774 880 1846 Nam
898 1769 984 1844 haec
999 1799 1065 1867 po·
1112 1797 1204 1847 rum.
1262 1771 1346 1844 Ideo
1366 1771 1537 1866 Episcopi
1549 1775 1645 1844 viros
1670 1770 1838 1846 honestos
1857 1789 1891 1847 et
1904 1777 2053 1852 idoneos
2067 1775 2113 1844 ad

78 1893 195 1951 strema
211 1880 340 1948 mundi
356 1893 469 1961 aetas,
495 1904 572 1950 non
590 1895 663 1951 tam
678 1879 762 1948 lelix
778 1891 846 1962 est,
871 1891 913 1947 ut
933 1901 974 1946 ex
990 1877 1064 1946 col·
1113 1877 1314 1946 docendum
1338 1872 1575 1967 Evangelium
1598 1877 1670 1947 suis
1695 1877 1853 1968 collegiis
1877 1891 1913 1949 et
1932 1877 2112 1950 ditionum
2175 1879 2179 1886 '

77 1983 169 2072 legiis
185 1978 452 2052 Canonicorum
473 2005 616 2053 rursum
633 1979 734 2052 Eliae
756 1976 937 2049 etElisaei
959 1973 1063 2048 scho-
1113 2001 1258 2048 suarum
1271 1974 1440 2049 Ecclesiis
1455 1979 1642 2070 praeficere
1657 1980 1798 2053 debent.
1851 1975 1909 2050 Ad
1925 1976 2018 2051 hanc
2037 2003 2113 2050 rem

76 2085 123 2154 lae
136 2085 210 2153 fieri
223 2084 373 2176 possint.
406 2079 474 2173 ,Et
491 2097 611 2155 tamen
636 2084 665 2154 si
682 2081 817 2152 vellent
837 2077 1008 2173 Episcopi
1030 2095 1064 2152 et
1092 2119 1093 2122 ¹
1111 2081 1214 2150 facile
1237 2079 1441 2153 invenirent
1462 2082 1639 2174 stipendia
1655 2105 1696 2152 ex
1717 2083 1941 2163 sacerdotiis,
1968 2083 1998 2153 si
2021 2081 2113 2152 adsit

76 2183 261 2271 Canonici,
297 2186 430 2256 servire
451 2181 632 2272 Ecclesiae
655 2183 725 2256 Dei
747 2183 884 2254 utiliter
909 2195 1063 2276 possent,
1111 2182 1277 2254 voluutas
1312 2196 1346 2253 ct
1379 2209 1504 2256 verum
1531 2185 1689 2256 studium
1720 2185 1896 2255 iuvandae
1919 2181 2109 2256 Ecclesiae.

76 2289 109 2358 iu
126 2289 265 2359 tuendis
283 2288 497 2382 quibusdam
520 2287 726 2359 necessariis
743 2286 885 2371 officiis,
909 2288 954 2356 ad
972 2311 1062 2380 quae
1110 2280 1253 2356 Debent
1268 2298 1302 2356 et
1318 2287 1449 2358 abusus
1466 2288 1505 2356 in
1519 2286 1727 2358 ceremoniis
1743 2288 1878 2362 tollere.

77 2392 170 2462 etiam
186 2412 279 2484 opus
298 2405 349 2460 est
361 2391 449 2460 viris
465 2391 569 2460 bonis
585 2405 619 2462 et
632 2389 878 2482 prudentibus.
1212 2385 1377 2458 Secundo
1404 2389 1522 2460 sciunt
1548 2403 1582 2460 et
1612 2385 1681 2460 hoc
1703 2392 1910 2460 mandatum
1933 2387 2002 2459 Dei
2025 2410 2108 2474 esse,

165 2492 238 2564 Nec
262 2506 394 2582 egestas
415 2493 526 2585 pietas
550 2507 618 2579 est,
646 2517 712 2562 nec
732 2490 915 2584 opulentia
935 2503 1062 2580 ‘pecca-
1108 2501 1151 2559 ut
1165 2490 1429 2561 ordinationem
1447 2492 1734 2587 presbyterorum
1751 2507 1851 2563 recte
1862 2491 2107 2563 administrari

77 2608 154 2669 tum.
206 2593 383 2679 †Tenere
409 2595 559 2688 imperia
582 2619 659 2666 non
682 2607 733 2664 est
752 2592 971 2686 peccatum'',
997 2592 1062 2662 etsi
1110 2605 1255 2678 curent,
1280 2593 1445 2665 videlicet
1459 2595 1507 2665 ita
1522 2609 1563 2666 ut
1578 2595 1639 2668 fiat
1652 2595 1743 2664 seria
1764 2619 1905 2665 morum
1924 2609 1959 2664 et
1974 2594 2108 2664 doctri-

77 2697 208 2768 difficile
231 2709 286 2768 est
304 2697 412 2767 simul
436 2698 609 2768 sustinere
633 2693 813 2767 Ecclesiae
833 2709 867 2764 et
891 2695 1062 2786 imperio·
1095 2717 1177 2770 ,nae
1200 2695 1416 2785 exploratio,
1442 2711 1477 2767 et
1498 2697 1661 2768 rudiores
1682 2711 1717 2766 et
1731 2698 1863 2767 dociles
1885 2697 2108 2770 erudiantur.

76 2821 147 2868 rum
178 2799 495 2890 gubernationem,
544 2814 663 2871 tamen
697 2794 895 2889 Episcopus
930 2797 1060 2866 timens
1109 2793 1236 2866 Sciunt
1249 2793 1419 2890 Episcopi
1442 2799 1511 2891 ipsi
1535 2795 1627 2869 banc
1643 2813 1797 2870 veterem
1813 2823 1885 2871 esse
1902 2801 1945 2869 de
1960 2799 2106 2868 ordina·

75 2895 178 2970 Deum
205 2925 327 2971 curam
361 2902 546 2994 utriusque
561 2901 692 2982 voneris
720 2914 815 2970 recte
846 2899 1059 2969 distribuere
1108 2895 1206 2966 tione
1221 2899 1445 2989 opinionem,
1464 2902 1648 2994 proprium
1664 2903 1830 2973 videlicet
1844 2900 2106 2994 Episcoporum

75 3017 197 3093 posset,
219 3003 313 3074 sicut
325 3001 452 3088 David,
468 2998 654 3096 Ezechias,
663 2996 1060 3085 Constantinus,Theo-
1108 2995 1265 3069 officium
1287 3026 1350 3072 seu
1371 3025 1461 3094 opus
1486 3028 1559 3073 esse
1582 2999 1674 3072 banc
1706 3004 1818 3094 ipsam
1842 3005 2107 3097 comprobatio-

76 3105 200 3190 dosius,
227 3118 263 3176 et
285 3129 382 3175 nunc
404 3105 509 3175 multi
529 3105 732 3198 Principes,
759 3105 823 3174 etsi
844 3104 998 3196 politicis
1007 3100 1057 3200 ⁴³)
1107 3124 1189 3170 nem
1204 3105 1505 3198 presbyterorum,
1518 3130 1609 3199 quae
1623 3105 1661 3176 lit
1676 3106 1905 3197 impositione
1919 3130 2104 3179 manuum.

74 3207 211 3296 negotiis
242 3207 405 3300 occupati
437 3222 536 3279 sunt:
564 3221 683 3278 tamen
705 3207 849 3278 interim
876 3220 910 3276 et
931 3204 1058 3276 Eccle-
1105 3201 1189 3274 Non
1203 3204 1403 3278 existiment
1419 3222 1534 3278 autem
1550 3221 1690 3280 tantum
1713 3208 1793 3278 ideo
1816 3209 1901 3278 solis
1917 3206 2105 3302 Episcopis

74 3308 133 3378 sias
155 3310 366 3402 inspiciunt,
392 3325 426 3382 et
440 3313 561 3381 earum
584 3310 725 3402 negotia
749 3309 976 3380 mediocriter
991 3332 1057 3400 gu·
1105 3301 1175 3376 hoc
1189 3331 1278 3398 opus
1293 3310 1505 3381 attributum
1520 3333 1610 3395 esse,
1624 3324 1664 3380 ut
1678 3311 1858 3400 fastigium
1872 3311 1979 3382 altius
1994 3335 2110 3402 agno-

75 3410 224 3486 bemant.
784 3445 786 3455 1
1106 3422 1281 3492 sectetur,
1307 3414 1367 3481 sed
1391 3414 1504 3483 multo
1527 3413 1657 3503 magis,
1682 3426 1724 3483 ut
1744 3409 1913 3506 Episcopi
1937 3437 2104 3505 praescn-

160 3511 294 3584 Paulus
309 3507 504 3605 Apostolus
517 3527 755 3605 prorsus,non
771 3513 886 3604 attigit
903 3515 974 3584 ulla
992 3537 1057 3584 ne·
1106 3524 1158 3582 tes
1189 3513 1229 3581 in
1258 3515 1419 3584 examine
1451 3517 1650 3586 doctrinam
1682 3516 1889 3606 diligentius
1921 3517 2103 3610 inquirere

73 3615 156 3702 gotia
184 3613 444 3708 Imperatorum
474 3638 557 3686 suae
579 3615 711 3689 aetatis.
773 3611 823 3686 At
844 3613 1057 3686 Ambrosius
1105 3629 1266 3704 possent,
1299 3631 1334 3686 et
1357 3632 1539 3704 caverent,
1574 3643 1619 3686 ne
1649 3618 1923 3689 admitterentur
1944 3613 2102 3688 adhunc

74 3718 130 3788 etsi
154 3731 229 3788 erat
250 3713 468 3811 Episcopus:
483 3731 613 3787 sumen
634 3717 826 3806 legationes
849 3718 940 3788 obiit
962 3718 1057 3808 pacis
1105 3718 1266 3804 gradum,
1291 3719 1353 3811 qui
1371 3743 1515 3811 prorsus
1528 3744 1602 3788 non
1619 3733 1761 3811 possent
1776 3722 1912 3805 docere,
1937 3735 1998 3791 aut
2011 3745 2101 3812 quo-

15 3865 17 3872 ι
72 3819 241 3890 faciendae
273 3843 393 3890 caussa
419 3821 514 3890 inter
542 3818 838 3890 Valentinianum
872 3833 907 3889 et
938 3818 1057 3890 Maxi·
1105 3840 1185 3886 rum
1209 3843 1327 3888 mores
1351 3822 1538 3892 alienaturi
1564 3835 1679 3892 essent
1695 3823 1895 3895 voluntates
1912 3818 2102 3893 hominum
2171 3889 2174 3896 ,

72 3944 177 4009 mum,
201 3923 293 3992 sicut
309 3935 343 3992 et
355 3946 451 3992 nuuc
465 3921 574 3992 unius
587 3917 765 3992 Ecclesiae
788 3923 827 3990 in
842 3923 974 4014 oppido
990 3921 1057 3990 ali·
1105 3942 1125 3988 a
1146 3919 1343 3991 ministerio
1367 3920 1602 4012 Evangelico,
1641 3923 1730 3994 sicut
1752 3923 1886 3995 Paulus
1909 3920 2101 3995 Timotheo

74 4048 134 4116 quo
152 4039 271 4117 pastor
288 4026 446 4117 prudens
469 4037 503 4093 et
525 4024 704 4094 studiosus
718 4023 892 4094 fovendae
909 4047 1056 4095 suorum
1103 4022 1295 4112 praecipit,
1321 4049 1366 4093 ne
1383 4026 1439 4095 cui
1456 4027 1524 4096 cito
1538 4048 1667 4094 manus
1680 4025 1850 4118 imponat.
1900 4021 2046 4096 Etcum
2062 4025 2101 4108 in

73 4129 286 4212 concordiae,
312 4127 393 4197 lites
417 4126 556 4220 aliquas
578 4125 712 4196 civium
740 4125 880 4218 privato
905 4127 1054 4197 consilio
1105 4124 1266 4193 examine
1287 4121 1480 4197 adhibetur
1496 4127 1768 4218 diligentia,'ut
1789 4152 1903 4198 unum
1920 4129 2100 4222 quoddam

72 4227 213 4315 dirimit,
239 4243 276 4299 et
295 4224 526 4299 Bernhardus
549 4228 645 4320 pacis
666 4243 771 4300 autor
788 4228 859 4298 suit
874 4229 969 4299 inter
981 4227 1055 4300 Lo·
1100 4239 1238 4296 certum
1255 4241 1291 4298 et
1305 4230 1530 4300 consentiens
1545 4229 1728 4300 doctrinae
1746 4253 1857 4321 genus
1872 4245 2103 4322 proponatur,

71 4323 214 4402 tbarium
227 4328 504 4424 Imperatorem,
521 4343 557 4401 et
568 4329 776 4403 Cuuradum
790 4333 1055 4422 Imperatorem,
1103 4341 1138 4398 et
1161 4329 1323 4399 rudiores
1346 4332 1409 4426 qui
1433 4333 1622 4403 erudiendi
1642 4347 1742 4418 sunt,
1769 4336 1812 4403 ad
1837 4335 1873 4402 id
1900 4333 2102 4416 assuefiunt,

73 4425 164 4503 Talia
190 4432 326 4519 officia,
350 4434 382 4502 si
408 4434 536 4504 modus
559 4445 594 4503 et
616 4435 706 4504 ordo
729 4433 957 4504 mediocriter
980 4457 1054 4504 ser·
1102 4425 1189 4500 haec
1208 4433 1378 4524 exempla,
1405 4434 1602 4524 plurimum
1621 4436 1829 4508 conducunt
1854 4435 1900 4506 ad
1922 4431 2100 4506 Ecclesia-

73 4549 203 4621 ventur,
222 4559 299 4604 non
314 4531 620 4628 reprehendimus.
1101 4557 1182 4603 rum
1197 4535 1436 4609 concordiam.

157 4635 338 4708 Postremo
370 4633 507 4708 etiamsi
539 4660 693 4708 canones
721 4639 935 4709 severissimi
966 4662 1053 4709 con·
1203 4631 1367 4730 Cumque
1385 4651 1525 4729 petetur
1541 4639 1586 4708 ab
1605 4635 1790 4732 Episcopis
1806 4639 2004 4723 ordinatio,
2024 4664 2101 4712 ma-

74 4733 207 4826 dantur,
230 4754 350 4812 tamen
373 4741 404 4810 si
429 4762 600 4832 personae
624 4753 709 4811 sunt
728 4743 806 4810 sine
829 4742 957 4812 timore
972 4738 1053 4826 Dei,
1101 4749 1183 4806 neat
1215 4750 1334 4808 tamen
1358 4761 1461 4811 suum
1491 4741 1547 4810 ius
1578 4743 1736 4832 patronis
1758 4745 1911 4813 vocandi
1941 4743 2100 4825 idoneos,

74 4849 183 4912 etuon
201 4867 242 4912 ex
260 4843 381 4913 animo
397 4858 613 4912 venerantur
630 4842 870 4913 ministerium
887 4841 1052 4933 Evange-
1101 4861 1230 4932 eosque
1264 4843 1534 4932 praesentandi,
1578 4855 1618 4913 ut
1651 4850 1791 4921 vocant.
1859 4843 2033 4918 Retinens
2065 4859 2100 4916 et

74 4937 123 5024 lii,
145 4943 223 5015 illae
238 4969 417 5016 canonum
434 4944 567 5016 otiosae
584 4944 733 5036 paginae
755 4969 830 5016 non
846 4947 1051 5036 profuturae
1099 4940 1178 5010 iure
1191 4942 1316 5013 divino
1331 4947 1474 5036 patroni
1491 4969 1614 5015 omnes
1634 4941 1726 5017 hanc
1751 4947 2007 5040 inspectionem
2019 5001 2029 5031 ,
2041 4971 2098 5038 *ue

76 5043 334 5119 suntEcclesiis.
366 5043 522 5117 Econtra
535 5070 620 5116 vero
637 5045 667 5116 si
689 5046 727 5119 in
741 5048 902 5138 personis
917 5047 984 5117 erit
1002 5048 1050 5119 ti·
1099 5043 1220 5116 sinant
1242 5049 1423 5138 corrumpi
1445 5047 1644 5118 doctrinam
1667 5050 1763 5120 iuxta
1779 5053 1886 5121 illu'd:
1914 5040 2045 5118 Cavete
2072 5073 2098 5118 a

74 5163 140 5214 mor
154 5144 234 5235 Dei,
260 5160 296 5220 et
310 5149 475 5220 voluntas
492 5149 668 5236 iuvandae
684 5143 885 5234 Ecclesiae,
912 5163 945 5220 et
962 5149 1050 5220 soli·
1096 5137 1439 5245 Pseudoprophetis.
1491 5146 1722 5223 Admoneant
1740 5153 1851 5244 igitur
1868 5150 2099 5223 concionato-

509 5273 514 5281 ’
1097 5271 1172 5334 res,
1199 5250 1358 5343 quisalsa
1375 5266 1601 5346 proponunt,
1626 5267 1662 5324 et
1678 5255 1875 5347 pertinaces
1891 5269 2097 5327 removeant
2152 5331 2155 5336 ,

1095 5375 1117 5420 a
1129 5351 1329 5425 ministerio
1343 5368 1375 5426 et
1390 5357 1445 5426 sui
1461 5355 1547 5426 sacti
1558 5377 1697 5427 causms
1712 5359 1817 5456 apudt
1824 5353 2020 5450 Episcopus
2036 5381 2098 5428 cx-

101 5468 141 5542 tt)
155 5477 283 5545 portatu]
299 5477 365 5536 Per.
379 5478 505 5548 putot.
902 5503 906 5509 -
1094 5467 1243 5545 ponant.
1282 5529 1285 5538 ,

72 5315 279 5368 ---.-’..
