4754 5806
209 179 265 313 to
575 235 578 240 ·
797 208 1233 298 urtsrottttuu
1283 211 1486 294 otuu.
1538 210 1737 292 csta..
2200 207 2250 278 so
2373 169 2374 180 '

214 414 304 486 tium
318 415 590 502 componeretur
598 393 646 496 ¹³).
699 394 832 466 Vident
848 391 943 465 euim
959 391 1106 464 ardente
1125 385 1204 462 istic
1257 413 1332 462 non
1355 387 1492 460 occisus
1518 409 1582 476 ego
1609 409 1687 456 sum
1717 381 2065 456 comminationibus.
2126 377 2252 475 ltaqtte
2373 441 2374 446 ,

215 517 313 586 bello
341 508 495 584 conferri
521 505 613 574 vires
637 498 850 572 Germaniae
882 497 927 566 ad
954 491 1203 586 depellendum
1258 517 1335 562 eam
1351 491 1557 562 concionem
1572 489 1668 558 edidi
1684 487 1722 557 in
1738 487 1940 579 poblicum,
1966 509 2071 579 quam
2089 481 2147 554 hie
2166 483 2252 554 mit·
2373 457 2374 532 }

216 630 400 690 externum
421 606 559 680 bostem
583 627 657 676 non
682 624 797 694 posse;
831 599 891 670 sed
916 617 991 681 res,
1016 590 1206 666 reiectaad
1259 608 1308 668 to.
1359 592 1428 664 sat
1451 591 1522 662 scio
1546 589 1807 662 succensebitur
1822 583 1938 672 milti,
1955 587 2066 680 .quod
2091 609 2165 656 non
2189 587 2254 654 ad·-
2373 553 2374 616 i

216 713 474 792 commissarios
490 705 649 780 Caesaris
661 718 697 774 ct
713 697 873 773 Mariae
889 692 950 795 ³)
968 698 1117 787 legatos,
1140 693 1206 762 ob·
1260 694 1460 766 monuerim
1478 693 1659 784 episcopos
1675 690 1881 780 diligentius
1894 691 1939 758 de
1960 689 2121 758 lavandis
2143 685 2255 758 eccle-
2373 703 2374 740 t

216 819 324 892 lineri
344 841 421 890 nou
440 811 568 908 potuit.
618 805 798 876 Videntur
817 799 884 872 hac
907 799 1090 871 occasione
1122 791 1209 889 belli
1261 797 1341 882 siis,
1364 799 1409 866 de
1424 789 1641 885 corrigendis
1657 793 1825 864 abusibus
1838 792 1877 860 in
1897 791 2042 861 ecclesia
2065 803 2131 862 etc.
2181 787 2255 860 Sed
2373 797 2374 840 ἒ

219 924 381 1016 gaudere.
445 912 567 986 Nostri
589 931 730 1004 quoque
751 917 877 998 petunt
898 897 1123 993 comprobari
1145 897 1210 966 dc-
1261 901 1398 970 fatebor
1422 897 1611 988 ignaviam.
1667 891 1759 964 Aliis
1783 907 1951 984 occupato
1982 891 2254 982 cogitationibus

219 1025 448 1098 clarationem
464 1012 596 1102 allega
611 1025 644 1080 et
663 1009 806 1080 alterius
821 1004 932 1098 partis
954 1003 1123 1086 statibus;
1148 997 1209 1068 scd
1263 1003 1327 1071 ista
1351 1002 1419 1068 iam
1444 1021 1519 1068 non
1542 1010 1717 1066 venerunt
1740 998 1778 1064 in
1800 1011 1967 1066 mentem.
2026 991 2122 1080 Quid
2148 995 2192 1060 de
2213 1013 2256 1059 ea
2373 971 2374 1056 Ϊ

219 1152 266 1197 ne
287 1126 324 1194 id
344 1142 485 1218 quoque
512 1113 666 1186 obtineri
689 1109 803 1202 potuit
826 1104 1014 1189 hactenus,
1048 1101 1118 1172 nisi
1136 1099 1212 1170 ior·
1263 1127 1302 1172 re
1325 1103 1485 1172 futurum
1508 1099 1726 1170 sitnomlutn
1746 1097 1829 1168 scio.
1879 1096 2041 1165 Profecto
2065 1095 2175 1164 libere
2200 1115 2257 1160 re·
2373 1067 2374 1152 s

219 1243 309 1300 tasse
323 1223 390 1296 hac
407 1218 495 1292 hora
517 1217 684 1286 domiuus
701 1211 891 1302 respexerit
913 1229 991 1280 nos
1041 1203 1131 1274 Nam
1152 1223 1212 1270 cu-
1264 1199 1516 1295 prehendimus
1535 1199 1771 1270 idololatriam
1787 1199 1974 1267 missarum
1989 1210 2023 1266 et
2038 1198 2185 1266 aliarum
2201 1217 2259 1262 ce·
2373 1163 2374 1226 ]

222 1343 320 1402 actus
335 1327 487 1400 Senatus
502 1332 562 1390 est.
613 1314 692 1386 llex
708 1313 899 1384 admodum
913 1308 1085 1378 sollicitus
1101 1317 1154 1374 est
1168 1303 1212 1372 tle
1265 1305 1527 1387 remoniarum,
1565 1325 1604 1372 ac
1639 1289 1808 1371 habemus
1850 1315 2009 1370 senatum
2047 1299 2256 1390 probantem
2373 1295 2374 1348 l

221 1429 373 1504 auxiliis.
423 1423 566 1496 Norunt
581 1418 676 1488 enim
692 1440 733 1486 ex
748 1414 851 1484 certis
867 1409 1027 1494 indiciis,
1049 1401 1212 1478 Tuscum
1266 1404 1358 1477 hanc
1380 1419 1536 1476 nostram
1568 1427 1643 1473 non
1670 1416 1741 1472 tam
1765 1403 1965 1472 libertatem
1992 1423 2097 1493 quam
2126 1400 2259 1466 iustum
2373 1463 2374 1470 ,

179 1611 188 1624 ,
223 1533 337 1604 decies
360 1539 506 1600 centena
530 1518 717 1592 hominum
738 1515 852 1585 millia
875 1513 1047 1600 coegisse,
1079 1521 1113 1579 et
1136 1529 1214 1576 mo·
1267 1509 1392 1580 zelum.
1442 1499 1633 1578 Gruuvslo
1650 1505 1764 1574 voluit
1779 1505 1847 1574 sibi
1862 1502 1991 1595 aperiri
2005 1499 2259 1572 monasterium

223 1658 305 1706 vere
320 1623 557 1719 Adrianopoli
573 1647 654 1693 cum
669 1617 839 1690 uxoribus
852 1627 885 1686 et
898 1614 1032 1696 liberis,
1057 1623 1098 1680 ut
1107 1605 1215 1678 Hun-
1250 1611 1600 1691 franciscanorum,
1625 1610 1684 1676 sed
1701 1607 1850 1676 senatus
1875 1616 2075 1674 constanter
2097 1603 2133 1670 id
2156 1624 2258 1671 recu.

222 1735 355 1828 gariam
371 1729 512 1826 penitus
526 1737 689 1815 occupet,
714 1733 749 1790 et
766 1743 842 1788 eam
859 1714 976 1786 s'edem
994 1711 1142 1801 Regium
1164 1723 1215 1779 le·
1268 1713 1369 1798 savit.
1419 1705 1662 1803 Augustanus
1682 1711 1722 1778 iu
1741 1704 1938 1796 Aegidiauo
1963 1705 2135 1776 coenobio
2164 1703 2259 1773 intra

223 1851 318 1910 neat.
369 1829 496 1924 Bodmi
509 1837 700 1918 negarunt,
724 1845 761 1890 se
776 1821 848 1890 ulla
862 1817 992 1888 auxilia
1016 1813 1107 1883 velle
1131 1835 1217 1881 con·
1270 1815 1424 1907 privatos
1448 1814 1598 1904 parietes
1619 1835 1701 1882 suos
1721 1823 1793 1878 crat
1819 1807 2160 1890 communicaturus,
2199 1805 2262 1874 sed

223 1942 334 2024 ferre,
357 1937 417 2005 sed
433 1933 559 2002 volunt
574 1949 654 1996 suos
667 1925 752 1994 lines
767 1920 870 1993 tueri·
921 1916 973 1989 Ac
990 1917 1028 1984 in
1045 1937 1121 1984 eam
1141 1935 1215 1981 rem
1270 1908 1421 1988 Senatus
1445 1917 1481 1984 id
1506 1915 1691 1984 rescissens
1705 1905 1761 2007 ¹),
1790 1911 1942 2000 graviter
1965 1908 2151 1979 admonuit
2165 1931 2261 1990 eum,

225 2065 323 2113 nunc
338 2039 533 2130 imperatur
548 2029 697 2124 pecunia
714 2027 759 2094 ab
773 2022 938 2094 omnibus
963 2017 1152 2088 ordinibus
1175 2015 1218 2082 de
1270 2041 1315 2087 ne
1331 2017 1368 2087 id
1386 2029 1545 2088 tentaret,

226 2131 625 2263 centumssuleisussclff·
675 2124 941 2245 Hujffil‘fieda?
961 2145 1020 2239 Ψ
1044 2141 1140 2188 ⁰³⁰⁰
1163 2111 1233 2183 ih:
1369 2147 1586 2220 Huiusmodi
1620 2139 1716 2214 hisce
1747 2145 1873 2214 diebus
1913 2138 2102 2214 habuimus
2137 2135 2264 2232 παθή·

227 2243 305 2316 hlat
318 2267 358 2314 at
373 2252 490 2312 ⁸l³l¹¹¹¹
505 2235 629 2304 ⁵⁰¹¹¹¹¹⁵
645 2239 798 2299 ⁶⁰ffl¹¹¹¹⁸
815 2239 904 2296 ¹⁸¹¹¹⁰
922 2224 999 2294 ’Μ’
1271 2277 1384 2348 ματα.
1435 2245 1599 2320 Christus
1615 2247 1705 2316 adsit
1727 2247 1848 2332 nobis,
1874 2257 1915 2315 ut
1939 2245 2014 2314 eius
2037 2259 2159 2316 contra
2182 2245 2263 2312 ido-

328 2373 381 2446 De
397 2363 551 2466 Synodo
569 2365 655 2458 quid
672 2359 847 2431 scribam?
876 2354 1028 2428 Dicitur
1045 2353 1132 2423 istuc
1151 2350 1221 2420 itu-
1274 2356 1416 2425 lolatras
1437 2350 1586 2442 gloriam
1610 2349 1841 2420 vindicemus.
1880 2342 2006 2418 Amen.
2064 2345 2196 2418 Scribit
2218 2347 2264 2414 ad

229 2503 291 2552 rus
311 2475 480 2571 pontifex.
531 2460 738 2538 Granuclla
764 2483 904 2556 quoque
926 2482 1005 2527 cum
1027 2449 1222 2524 filioAtrc-
1275 2481 1330 2526 mc
1353 2447 1502 2550 Caspur
1523 2465 1660 2534 noster,
1699 2449 1799 2520 cuius
1823 2447 2072 2541 praelectiones
2099 2449 2138 2516 in
2163 2447 2266 2518 Psal-

229 2586 398 2654 batenum
423 2574 662 2667 episcopatum
684 2577 798 2648 tenet,
833 2577 867 2634 et
885 2574 1022 2641 orator,
1048 2555 1109 2649 qui
1127 2553 1220 2644 apud
1274 2581 1390 2628 mum:
1425 2549 1525 2624 dixit
1547 2547 1719 2622 domiuus
1741 2565 1807 2624 etc.
1828 2547 1943 2634 edidi,
1976 2563 2009 2620 te
2031 2549 2265 2641 copiosiorem

230 2683 387 2754 Venetos
411 2689 481 2760 est,
521 2672 651 2742 dicitur
680 2666 922 2736 interfuturus.
985 2655 1097 2728 Aliud
1130 2649 1222 2724 nihil
1274 2657 1534 2731 enarrationem
1552 2653 1759 2738 instituisse,
1781 2675 1870 2745 quae
1885 2651 2060 2722 etiamedi
2074 2665 2195 2744 cuspus
2209 2654 2268 2724 sit.

230 2786 384 2898 “immi
429 2775 533 2894 Nunc
555 2772 700 2866 qnidam
723 2759 814 2837 0²¹⁰
836 2749 1047 2880 Druchfess
1072 2753 1223 2876 ΜΨ
1375 2788 1432 2861 Μί
1447 2781 1638 2886 Philipps,
1662 2807 1768 2878 perge
1784 2787 1951 2856 adiuvare
1966 2785 2137 2860 ccclesias.
2171 2783 2269 2855 Haec

233 2909 339 2980 quem
353 2892 453 2952 stunt
467 2891 572 2950 ettam
589 2883 728 2942 nostros
744 2868 864 2942 Status
883 2885 1026 2935 nomme
1043 2857 1224 2932 Pouttlicts
1276 2895 1371 2964 enim
1404 2891 1533 2983 wippa
1557 2877 1758 2960 manebunt·
1779 2889 1824 2960 ad
1850 2909 1993 2957 omnem
2028 2887 2267 2978 posteritatem

234 2999 471 3060 “mlum
1277 3017 1366 3090 quac
1382 2991 1557 3086 explicant
1577 3013 1691 3061 sacras
1713 2989 1843 3063 literas.
1893 2987 1992 3058 Bene
2006 2989 2086 3057 vale
2108 2990 2145 3057 in
2160 2984 2268 3058 Chri-

333 3102 742 3200 Dthrardoprolecto
760 3096 931 3188 autaihil
952 3099 1067 3168 adme
1085 3089 1226 3183 scripsi·
1278 3109 1353 3181 sto,
1384 3108 1418 3165 et
1441 3094 1581 3183 ignosce
1604 3104 1676 3162 tam
1691 3091 1911 3182 negligenter
1930 3087 2108 3160 scribenti.
2158 3086 2269 3160 Datne

236 3222 298 3306 ni,
323 3232 385 3290 aut
399 3215 521 3286 literae
535 3233 610 3280 non
624 3223 707 3279 sunt
729 3201 819 3274 mihi
840 3201 1009 3272 redditae.
1059 3193 1143 3266 Fuit
1165 3186 1225 3262 hic
1277 3197 1492 3286 Noribergae
1507 3192 1628 3264 Pridie
1642 3189 1788 3263 Caleud.
1805 3189 1919 3282 April.
1941 3185 2119 3286 1645.**)

236 3337 271 3395 et
287 3317 453 3394 convenit
466 3304 720 3394 Osiuodrum,
745 3305 949 3388 rediturum
965 3295 1050 3370 hinc
1065 3296 1164 3366 abiit.
2004 3321 2110 3394 vitus
2127 3337 2207 3394 mus

240 3483 242 3486 ·
337 3449 392 3523 De
414 3443 627 3520 Cerimoniis
650 3435 901 3515 idololatricis,
941 3453 1028 3526 quas
1053 3425 1131 3501 Rex
1146 3417 1227 3518 m)
2208 3375 2218 3398 ⁶

237 3560 275 3628 in
292 3579 370 3626 arce
383 3549 524 3644 publica
546 3543 720 3627 instituit,
745 3539 883 3610 audisse
903 3547 937 3605 te
960 3546 1060 3625 puto.
1109 3525 1228 3598 Habet
1292 3547 2269 3626 w

237 3671 354 3730 autem
371 3653 502 3723 multos
518 3673 558 3718 ex
573 3645 720 3727 nostris,
742 3641 805 3734 qui
828 3639 918 3708 istuc
940 3646 1054 3704 erunt.
1106 3627 1245 3722 ltaque'
1279 3689 1335 3764 No
1362 3688 1464 3762 2672
2122 3698 2139 3758 1
2169 3687 2201 3753 Α

1301 3753 1302 3757 ,
1336 3743 1346 3766 .
1464 3736 1476 3763 .
2148 3733 2156 3752 .
2203 3713 2249 3772 pr.

127 3839 131 3844 ,
239 3754 435 3830 existimavi
457 3775 513 3822 eas
534 3747 682 3818 liberius
703 3735 1022 3834 reprehendendas.
1075 3727 1127 3803 Ac
1143 3755 1229 3824 pro-
1285 3785 1458 3820 Μ
1867 3717 1904 3766 H
2094 3779 2267 3810 w
2373 3759 2374 3776 2

238 3863 331 3933 xime
359 3852 529 3946 singulari
550 3868 679 3944 pompa
700 3845 831 3938 pedum
853 3835 1023 3910 lotionem
1045 3857 1125 3906 cum
1146 3831 1229 3901 liliis
1383 3923 1386 3930 1
1866 3867 1867 3877 ,
1945 3871 1952 3888 ,

239 3958 446 4044 celebravit3
468 3955 527 4053 sed
545 3977 619 4023 nou
630 3946 772 4020 admisit
787 3944 832 4015 ad
847 3965 923 4012 eam
938 3939 1008 4010 nisi
1031 3936 1095 4031 qui
1114 3947 1230 4004 sacra·
1563 3867 1624 3956 A·
1654 3864 1991 3954 Lauterbackw·

240 4076 360 4134 mento
384 4057 553 4152 papistico
585 4063 780 4125 uterentur.
840 4043 962 4137 ltaque
993 4063 1074 4110 cum
1104 4036 1229 4108 talium
1349 4051 1425 4122 stt.
1438 4045 1572 4123 epoptas
1585 4045 1649 4104 eost.
1663 4043 1748 4100 Goth.
1763 4043 1821 4100 190.
1841 4063 1867 4117 p.
1881 4043 1941 4101 tos.

242 4163 342 4256 copia
358 4161 453 4253 apud
468 4179 534 4226 nos
549 4179 624 4225 non
644 4149 884 4230 inueniretur,
914 4167 954 4212 ex
968 4137 1169 4234 Eystetensi
1179 4130 1230 4230 .†)

234 4289 327 4357 agro
343 4264 462 4334 decem
475 4255 546 4327 huc
562 4254 728 4326 evocavit.
763 4246 839 4340 Ego
857 4269 938 4316 cum
950 4239 1084 4314 Christi
1098 4241 1230 4310 factum

243 4364 428 4456 intemplo
446 4359 674 4451 explicarem,
699 4377 740 4422 eo
759 4352 837 4443 ipso
858 4347 933 4432 die,
958 4341 1076 4414 statim
1099 4339 1232 4408 clamo-

211 4558 216 4568 ·
242 4491 300 4542 ces
315 4467 361 4538 ad
375 4455 601 4534 Grunuelum
617 4470 651 4526 et
662 4453 797 4544 Regem
813 4448 912 4522 allati
925 4459 1020 4524 sunt,
1045 4455 1080 4513 ct
1092 4453 1231 4512 tautum
1448 4405 1640 4516 Εθΰῖθέἷθθ
1657 4402 1855 4478 Elidensis
1863 4457 1874 4490 2
1898 4403 2017 4484 amico
2034 4427 2113 4476 suo·

245 4629 441 4652 ...ἧι-*νη

274 4738 312 4810 η
331 4735 462 4790 Videatur
482 4729 596 4784 omniuo
609 4721 728 4780 Sleidaui
750 4717 868 4776 narratio
887 4717 923 4771 de
940 4715 1057 4772 comitiis
1070 4711 1234 4768 Norimltcr·
1357 4750 1361 4761 .
1433 4751 1442 4768 .
1496 4749 1505 4768 .
1572 4749 1581 4768 .
1634 4750 1643 4767 .
1824 4748 1834 4764 .

313 4805 427 4880 patos
443 4796 638 4860 annotatam,
658 4795 687 4846 tn
701 4791 857 4846 comment.
875 4805 902 4859 p.
916 4783 968 4840 419
982 4803 1042 4854 sqq.
1287 4752 1374 4825 dum
1396 4751 1532 4843 altqurd
1554 4749 1727 4840 stgmficas
1748 4749 1871 4831 nobas,
1904 4747 1975 4816 imo
1998 4758 2032 4816 et
2053 4745 2129 4816 Deo
2152 4747 2285 4835 gratias

280 4872 457 4960 ”discrucio
470 4881 607 4944 Caesaris,
630 4893 698 4948 quse
716 4891 770 4948 pro
789 4871 901 4926 Cssssrc
915 4867 1038 4939 Belgium
1059 4863 1235 4936 gubernabat.
1288 4857 1444 4946 ago'toto
1459 4864 1617 4944 pectora,
1642 4852 1739 4944 quod
1762 4847 1924 4919 accendit
1945 4847 2110 4918 notitiam
2132 4847 2197 4916 fiffi
2213 4845 2285 4917 Dei

316 4940 889 5085 3³:5⁸3:ssillittldltla'l.illl:
905 4933 1236 5064 tldlld‘sltilt‘dltlt
1289 4969 1323 5028 el
1337 4978 1456 5026 veram
1473 4951 1638 5046 pietatem
1649 4953 1692 5040 ‚tn
1707 4951 1848 5036 mutate
1875 4963 1909 5018 et
1928 4973 2011 5056 oso,
2037 4963 2076 5020 ut
2098 4949 2284 5020 confirmet

316 5095 432 5158 latinus,
456 5089 478 5143 E
498 5089 607 5158 iscopus
628 5085 799 5152 Augustanus
818 5086 845 5130 ct
864 5071 1107 5139 loannsstsius,
1134 5067 1236 5123 Mariae

318 5161 398 5236 legati
411 5157 557 5214 Vuirtchus
570 5149 782 5220 Chciecbiogtts‚
800 5156 826 5200 et
839 5143 943 5214 Viglius
957 5140 1129 5194 Zuichemus.

282 5245 350 5316 ***)
369 5241 564 5301 Ferdinandus.
601 5232 714 5295 Dabis,
731 5218 1237 5302 quaeluicasseculanslcidsuusui·
1323 5211 1625 5286 *)Sioscriplttmcst.

1284 4201 1510 4282 Clarissimo
1526 4203 1622 4286 uiro,
1649 4211 1681 4274 et
1697 4199 1843 4298 egregia
1862 4199 1997 4298 pictate
2017 4210 2048 4271 et
2073 4196 2277 4272 eruditione

1282 4303 1470 4412 praedito,
1494 4303 1538 4377 D
1559 4301 1764 4376 Antonio
1786 4295 2109 4390 Lautarbuclt,
2125 4296 2281 4374 Pastori
2373 4323 2374 4382 g

1285 4527 1331 4624 S.
1358 4545 1406 4624 D.
1455 4543 1644 4617 Carissimo
1665 4542 1711 4620 D.
1735 4537 1888 4616 Antoni.
1941 4541 2102 4614 Gratiam
2128 4543 2194 4614 tibi
2214 4539 2281 4612 ha·
2373 4479 2374 4522 i

1287 4651 1374 4736 beo,
1400 4650 1494 4742 quod
1508 4649 1553 4716 de
1577 4661 1669 4719 statu
1684 4643 1863 4718 Ecclesiae
1879 4643 1947 4718 Dei
1971 4643 2144 4740 inMysia
2168 4645 2282 4714 inter·
2373 4711 2374 4724 ,

315 5317 355 5371 hil
367 5314 483 5382 scripsit.
1277 5365 1280 5370 ,
1327 5299 1426 5424 ”plu
1449 5317 1521 5354 sono
1546 5315 1625 5352 error
1643 5303 1697 5360 ests
1720 5310 1784 5348 nsm
1803 5291 1902 5364 scripta
1922 5297 1962 5345 est
1981 5289 2093 5363 epistola
2111 5305 2185 5343 anuo
2206 5289 2285 5346 1513.

282 5404 314 5471 †)
334 5395 535 5456 Eicltstaslieusi.

1387 5379 1488 5425 ortssse
1501 5365 1551 5421 slis
1565 5379 1750 5421 manusuetus
1763 5361 1871 5418 mouns
1883 5369 1923 5416 cst
1933 5377 2015 5432 qustts
2026 5357 2167 5415 Theodori
2178 5357 2273 5430 ipsius.
2373 5381 2374 5394 .
