4704 5804
111 199 178 278 aa
666 196 1100 278 urrsronanum
1159 198 1266 279 nm.
1297 199 1363 321 rx.
1418 201 1552 286 cess.
1958 191 1962 198 ’
2056 225 2131 306 sm

106 371 190 446 bella
222 395 298 444 nou
328 387 500 465 geruntur
534 388 680 468 propter
717 375 875 470 aliquam
908 375 1087 470 publicam
1138 389 1270 448 sextam
1284 375 1342 447 die
1358 375 1548 468 Mercurii,
1571 397 1607 454 et
1618 385 1835 480 praelegam,
1861 407 1901 468 ut
1914 397 2021 488 soleo,
2047 426 2128 496 gra-

107 475 349 550 necessitatem.
407 475 569 548 Privatae
591 477 777 572 cupiditati
799 491 947 574 uterque
963 479 1089 564 servit,
1137 475 1192 548 tis.
1244 476 1352 568 Quod
1374 494 1491 552 autem
1522 487 1660 574 lerunt,
1690 487 1891 566 Homerum
1913 505 2128 582 mendicasse

108 591 138 650 et
154 577 265 649 exitus
288 580 480 671 respondet
504 575 589 650 huic
609 576 852 674 catastropbae
881 583 921 650 iu
941 579 1087 676 βατρα-

102 675 347 776 χομυομαχίᾳ.
403 679 531 752 Neutri
551 682 699 754 victoria
718 685 911 754 admodum
934 686 1088 776 prodest.

104 780 169 852 Nec
182 781 326 852 difficile
342 797 393 854 est
405 785 670 856 accommodare
689 800 806 878 partes
819 783 967 857 'fabulae
981 801 1017 858 et
1031 811 1088 857 ar·

103 882 278 974 rogantiae
293 885 415 976 plenas
430 909 537 958 ranae
555 899 590 957 et
604 887 727 962 muris.

23 1259 24 1290 ,
102 1199 290 1278 nomaso.

107 1297 274 1328 m

522 1389 577 1474 N.
602 1390 658 1476 Ν.

161 1528 229 1584 Met.
243 1529 348 1589 Consil.
361 1533 407 1590 lat.
419 1533 453 1592 T.
469 1533 490 1589 l.
509 1553 534 1606 p.
549 1534 600 1590 ⁵28
613 1551 654 1605 sq.

523 1667 576 1747 N.
600 1667 653 1746 N.

101 1775 202 1870 Nihil
219 1804 400 1876 difficilius
418 1820 469 1876 est
489 1806 528 1874 in
543 1830 690 1876 munere
714 1805 877 1897 publico,
902 1833 1008 1902 quarn
1024 1803 1089 1878 ha-

23 1883 24 1974 ]
101 1899 176 1972 bere
192 1906 361 1998 collegam
377 1902 678 2006 ζυγομαχοῦντα.
733 1905 853 1998 Quare
869 1905 984 1980 Deum
1006 1935 1086 2003 pre-

101 2024 168 2090 cor,
192 2020 233 2078 ut
261 2023 397 2079 mentes
413 2023 546 2080 vestras
570 2011 759 2099 gubernet,
785 2023 888 2104 teque
913 2027 1085 2106 quantum

100 2128 236 2196 possum
258 2104 384 2182 hortor
402 2126 436 2183 et
457 2106 634 2196 obtestor,
658 2125 699 2182 ut
712 2112 812 2182 omni
824 2113 962 2186 ratione
977 2116 1086 2186 bene-

23 2275 24 2282 ,
101 2209 286 2282 volentiam
310 2214 387 2284 eius
407 2215 501 2284 alere
524 2216 682 2300 studeas,
707 2239 782 2290 non
806 2228 886 2302 tua,
917 2218 978 2286 sed
997 2214 1086 2290 Rei-

23 2319 24 2402 ξ
100 2311 255 2399 publicae
270 2339 402 2386 caussa.
440 2319 548 2406 Quod
565 2317 733 2388 confertis
748 2314 939 2414 sententias
953 2333 1086 2390 vestras

23 2411 24 2484 j
101 2426 175 2483 ante
191 2417 419 2504 concionem,
445 2419 534 2488 utile
550 2431 613 2492 est.
666 2417 720 2489 lta
743 2419 853 2510 igitur
876 2435 910 2492 te
934 2445 1086 2516 praepa·

103 2515 211 2602 rabis,
243 2533 287 2590 ut
308 2521 465 2591 studiose
486 2522 575 2591 vites
598 2543 655 2605 ea,
688 2545 778 2614 quae
799 2521 968 2594 videntur
994 2549 1085 2618 quo-

101 2617 284 2692 dammodo
302 2626 382 2692 eirm
398 2623 576 2693 offensura
595 2643 680 2692 esse.
706 2621 844 2694 Poteris
869 2625 1012 2694 interim
1030 2641 1085 2698 ta-

101 2740 191 2807 men,
207 2711 344 2810 utilia,
377 2725 563 2810 salutaria,
595 2717 781 2823 Ιἐποῖγιογοι
808 2729 878 2798 τοῦ
905 2731 999 2799 λαοῦ
1029 2729 1085 2798 di-

101 2843 179 2896 cere.
238 2823 283 2895 Id
307 2849 370 2916 ego
392 2827 480 2911 feci,
516 2852 597 2897 cum
618 2827 762 2913 scirem,
795 2853 885 2922 quae
906 2830 1085 2917 materiae,

102 2923 219 3014 quibus
243 2929 467 3021 temporibus
492 2953 565 3000 non
588 2943 703 3000 essent
724 2945 841 3023 aptae,
867 2933 978 3001 sumsi
992 2933 1084 3002 inte-

102 3024 178 3111 rim,
202 3042 244 3099 ut
262 3030 350 3115 scis,
376 3031 463 3101 alias
483 3055 556 3102 non
581 3032 736 3102 inutiles.
786 3028 834 3102 Et
851 3029 1084 3124 proluithaec

102 3150 167 3197 mea
181 3132 283 3204 ratio.
335 3131 433 3203 Bene
451 3135 507 3224 agi
522 3149 636 3204 tecum
659 3134 796 3220 iudico,
822 3136 852 3204 si
866 3136 936 3205 sihi
959 3136 1085 3207 sumsit

102 3244 205 3316 partes
219 3234 364 3304 dicendi
381 3230 465 3330 περὶ
478 3228 706 3330 μυστηρίων.
757 3237 848 3306 Nam
875 3239 940 3308 etsi
964 3262 1082 3309 caussa

102 3333 185 3419 apud
206 3336 287 3425 pios
314 3350 348 3407 et
370 3340 540 3408 candidos
562 3362 637 3408 non
655 3338 809 3408 difficilis
827 3353 877 3410 est
891 3341 1082 3432 explicatu:

23 3483 24 3488 .
102 3441 207 3505 tamen
231 3439 381 3532 nequid
405 3441 461 3508 vel
477 3441 678 3534 certaminis
690 3441 747 3510 vel
762 3441 972 3533 suspicionis
989 3444 1083 3514 oria-

23 3587 24 3590 .
101 3545 168 3620 tur,
189 3537 295 3609 facile
309 3541 426 3632 patior
441 3543 544 3610 illum
557 3543 672 3612 solum
687 3545 731 3610 de
745 3567 786 3612 eo
803 3559 1009 3633 argumento
1025 3547 1081 3628 di-

23 3689 24 3700 .
100 3658 177 3712 cere.
229 3640 290 3712 Tu
307 3645 350 3712 de
366 3643 446 3712 aliis
460 3643 618 3714 materiis
640 3644 777 3714 utiliter
793 3647 997 3716 concionari
1018 3672 1081 3738 po-

23 3771 24 3778 *
101 3740 185 3815 teris.
217 3739 416 3816 Hortemur
430 3746 602 3838 populum
616 3747 661 3814 ad
677 3747 950 3837 poenitentiam,
976 3751 1018 3818 ad
1035 3751 1082 3818 ti-

100 3863 243 3926 morem,
272 3846 394 3932 lidem,
428 3848 710 3932 invocationem,
743 3849 906 3919 exercitia
929 3851 1080 3942 pietatis,

100 3965 331 4036 proponamus
346 3949 506 4040 publicas
530 3963 563 4018 et
581 3949 666 4018 alias
682 3973 826 4042 poenas.
879 3949 969 4020 Nam
985 3951 1079 4022 Tur-

99 4065 149 4112 cos
162 4047 258 4118 arma'
270 4045 483 4122 Germaniae
499 4051 661 4121 illaturos
670 4073 743 4121 esse
757 4051 961 4126 affirmatur.
985 4053 1080 4124 Hinc

100 4165 205 4218 sumes
220 4151 443 4241 gravissimas
460 4147 737 4228 adhortationes.

918 4504 977 4564 boc
992 4525 1081 4567 euno.

463 4661 698 4751 Studiosis.

1137 580 1280 666 vivum,
1294 581 1330 650 id
1349 583 1475 656 accidit
1489 587 1522 656 ei
1537 587 1643 660 etiam
1659 607 1812 670 mortuo.
1864 595 2019 678 Oberrat
2034 612 2128 703 opti-

1137 706 1217 752 mus
1233 697 1330 762 vates
1353 697 1388 756 et
1407 701 1527 778 rogat,
1553 692 1674 783 quise
1698 697 1823 768 audire
1839 703 1961 780 velint.
2013 708 2126 786 Pecu-

1138 785 1235 854 niam
1258 781 1419 878 polliceri
1444 814 1519 860 non
1541 806 1672 884 potest,
1698 801 1758 868 sed
1779 801 1967 892 pollicetur
1982 835 2126 903 magna-

1095 979 1097 993 *
1138 911 1362 958 cumrerum
1381 891 1591 969 doctrinam.
1654 894 1771 989 Rogat
1791 919 1909 976 autem
1932 916 2127 988 nonnullos

1137 982 1373 1083 βαναύσους,
1399 993 1462 1088 qui
1477 1009 1702 1090 quaestuosas
1716 1017 1808 1075 artes
1821 1026 1983 1084 exercent
1992 1007 2030 1112 *)
2052 1043 2125 1090 non

1138 1093 1253 1162 solum
1268 1095 1367 1166 nulla
1383 1095 1546 1170 instructr
1560 1100 1700 1172 lsberah
1714 1105 1918 1202 drscrplma,
1943 1117 2004 1189 sed
2021 1120 2127 1192 etiam

1139 1218 1180 1264 ex
1196 1189 1263 1265 hac
1287 1221 1359 1268 una
1382 1223 1420 1270 re
1444 1202 1636 1292 sapientiae
1657 1206 1785 1278 famam
1807 1228 2005 1304 captantes,
2030 1226 2126 1317 quod

1138 1298 1322 1388 magnifice
1340 1302 1457 1374 ausint
1472 1319 1695 1378 contemnere
1709 1333 1832 1384 omnes
1855 1316 1941 1388 alias
1962 1314 2126 1398 honestas

1138 1401 1355 1493 disciplinas.
1406 1404 1513 1496 Quod
1535 1409 1567 1478 si
1588 1434 1670 1480 casu
1691 1410 1729 1480 in
1756 1409 1883 1489 horum
1899 1421 2053 1518 aliquem
2069 1427 2127 1498 in-

1139 1502 1263 1574 ciderit
1286 1501 1484 1594 Homerus,
1518 1511 1587 1604 (est
1610 1514 1706 1584 enim
1729 1517 1890 1618 coecus),
1915 1539 1992 1596 orat
2011 1551 2047 1598 se
2069 1532 2127 1600 di-

1140 1605 1232 1676 mitti
1257 1608 1425 1696 civiliter,
1451 1613 1541 1684 sicut
1561 1613 1745 1690 aPlatone
1766 1646 1807 1692 ex
1830 1648 1902 1716 rep.
1922 1628 2126 1709 dimittitur.

1141 1705 1272 1776 Verum
1288 1705 1353 1780 hos
1368 1726 1469 1822 vocat
1487 1717 1529 1784 ad
1548 1721 1826 1812 assumendum,
1840 1729 1903 1822 qui
1917 1731 2127 1812 coluntstu-

1138 1809 1196 1878 dia
1220 1811 1413 1884 liberaliter
1439 1829 1474 1886 et
1503 1819 1645 1891 virtutis
1676 1847 1807 1901 amore.
1867 1825 1944 1921 Ego
1968 1837 2127 1924 memini,

1137 1915 1318 2004 quondam
1340 1939 1413 1986 non
1436 1921 1591 2010 potuisse
1615 1925 1740 1997 talium
1761 1931 1972 2024 scriptorum
1988 1939 2127 2032 copiam

1138 2014 1215 2084 lieri
1237 2012 1469 2105 scholasticis,
1494 2026 1688 2117 quamlibet
1709 2053 1835 2122 magna
1861 2041 2020 2110 mercede
2043 2067 2128 2134 pro-

1137 2118 1260 2208 posita.
1311 2119 1415 2193 Nunc
1429 2135 1548 2196 tantus
1562 2141 1757 2204 contemtus
1775 2149 1826 2206 est
1840 2139 2055 2229 optimarum
2070 2168 2129 2216 ar-

1138 2219 1247 2306 tium,
1273 2235 1313 2292 ut
1336 2248 1417 2294 cum
1440 2229 1549 2316 gratis
1570 2231 1768 2307 offerantur
1790 2251 1825 2308 et
1843 2243 2127 2335 praelegantura

1138 2323 1278 2412 peritis,
1324 2327 1520 2399 mendicari
1549 2335 1728 2408 auditores
1754 2334 1934 2414 Homerus
1973 2363 2128 2438 cogatur.

1137 2422 1207 2495 Sed
1224 2450 1330 2519 quam
1346 2443 1464 2518 gratus
1480 2432 1525 2502 sit
1539 2431 1718 2509 Homerus
1734 2464 1814 2532 erga
1833 2437 1929 2529 hos,
1949 2450 2011 2542 qui
2025 2475 2127 2522 men·

1138 2527 1313 2598 dicantem
1347 2532 1500 2622 benigne
1536 2557 1764 2630 exceperunt,
1814 2548 1937 2618 multis
1969 2551 2009 2619 in
2041 2554 2129 2626 locis

1131 2631 1309 2716 ostendit,
1340 2633 1402 2702 ubi
1423 2629 1579 2728 hospites
1593 2663 1675 2711 suos
1692 2645 1857 2723 celebrat.
1910 2648 2030 2741 Quare
2054 2681 2129 2728 non

1137 2732 1223 2800 dubi
1228 2733 1316 2819 tetis,
1324 2735 1457 2828 aliquid
1467 2739 1573 2810 olticii
1584 2741 1621 2810 in
1635 2737 1732 2816 hunc
1743 2751 1947 2824 mendicum
1958 2758 2129 2837 conserte.

1138 2831 1323 2907 Wittenb.
1345 2833 1452 2914 1545.

1146 3071 1271 3082 *ω
1281 3077 1334 3084 -Φ-
1347 3079 1362 3085 -
1370 3079 2121 3114 ---.--ο-ι·-Β··--ῚῊ-υ---,-.-Ι,.-

1136 3232 1202 3305 Νο.
1217 3236 1329 3311 2832.

1142 3329 1314 3361 m

1956 3267 2016 3328 boo
2031 3287 2120 3329 suno.

1951 3356 2122 3386 M

1507 3441 1753 3554 Praefatio.

1203 3593 1338 3654 Praelatio
1364 3603 1392 3655 i'n
1414 3603 1523 3658 Brentii'
1537 3607 1729 3664 catechismum
1748 3615 1895 3685 puerilem,
1918 3617 1983 3674 edit.
1996 3623 2039 3695 2,
2057 3643 2127 3698 quse

1235 3669 1456 3738 prodiitWiteb.
1470 3694 1518 3758 per
1531 3675 1620 3732 Nicol.
1634 3675 1774 3735 Scbirleuz
1788 3701 1861 3740 auno
1873 3688 1950 3742 tate.
1994 3691 2061 3748 ltem
2077 3713 2127 3748 eo·

1236 3737 1298 3791 dem
1317 3757 1390 3793 anno
1405 3742 1437 3794 Li
1458 3761 1511 3796 erae
1534 3763 1547 3797 s
1568 3745 1604 3798 ud
1619 3745 1709 3803 Nicol.
1723 3748 1859 3808 Wolrab.
1896 3755 2000 3815 Recuss
2020 3761 2048 3816 in
2064 3763 2128 3819 Me·

1240 3805 1323 3891 lantb.
1337 3827 1401 3890 opp.
1414 3763 1528 3868 VNiteb.
1543 3763 1576 3868 N.
1591 3815 1612 3870 l.
1633 3834 1659 3888 p.
1674 3823 1697 3871 1.
1714 3849 1748 3862 -
1788 3822 1820 3874 ln
1833 3823 1918 3895 priori
1940 3829 2060 3885 editione
2074 3831 2129 3889 Cs-

1236 3877 1360 3930 tecbrsmr
1381 3897 1452 3932 anno
1464 3882 1539 3938 1540.
1554 3883 1619 3938 baec
1634 3887 1764 3956 praelatio
1778 3907 1836 3944 nou
1851 3893 1957 3964 legitur.
1996 3898 2078 3955 Plura
2093 3903 2128 3958 de

1235 3943 1308 3998 libro
1323 3946 1444 4002 dicenms
1458 3949 1491 4003 sd
1503 3951 1695 4008 catechismum
1710 3955 1809 4027 ipsum.
1914 3981 1917 3986 ·

1185 4089 1386 4197 Philippus
1408 4096 1640 4222 obsonator
1663 4099 1734 4177 Pio
1760 4101 1955 4184 Lectori
1978 4115 2015 4190 S.
2030 4117 2076 4191 D.

1133 4231 1287 4323 Utinam
1310 4251 1543 4352 Typographi
1568 4258 1607 4328 in
1629 4261 1825 4354 deligendis
1839 4269 2012 4356 materiis,
2038 4299 2124 4368 quas

1135 4358 1258 4441 edunt,
1272 4357 1513 4447 diligentiores
1528 4376 1653 4448 essent,
1668 4387 1707 4434 ac
1723 4389 1797 4436 non
1808 4381 1944 4440 tantum
1958 4375 2012 4444 sui
2027 4401 2124 4448 com-

1133 4460 1275 4551 pendii,
1301 4461 1361 4528 sed
1380 4459 1485 4530 etiam
1503 4463 1666 4555 publicae
1681 4467 1843 4540 utilitatis
1861 4473 2034 4546 rationem
2058 4473 2124 4551 ha-

927 4593 1056 4621 Μ-
1132 4559 1275 4646 herent,
1299 4562 1505 4652 praesertim
1524 4565 1563 4634 in
1580 4569 1726 4638 edendis
1743 4572 1882 4664 scriptis
1898 4575 1942 4646 de
1957 4580 2121 4655 doctrina

1130 4657 1344 4739 Christiana.
1393 4657 1526 4736 Extant
1537 4667 1688 4739 aliorum
1705 4671 1837 4759 libelli,
1863 4679 1924 4770 qui
1940 4673 2026 4752 haec
2047 4685 2120 4758 ele-

157 4803 225 4871 ψει
238 4804 345 4858 correo.
360 4791 535 4861 sarsenatae.
556 4805 616 4861 vor.
632 4805 728 4862 rem.
743 4807 803 4861 122.
822 4807 869 4860 uss
882 4808 1015 4880 ..escape
1036 4810 1078 4863 te·
1129 4777 1248 4836 ἨΘΜ
1272 4765 1410 4884 pietatis
1430 4769 1631 4889 ⁶⁰ssli¹¹⁰ff¹¹2
1662 4797 1750 4866 quae
1773 4774 1876 4848 ῑῡῐῑῐῦ
1900 4784 2018 4872 pueris
2034 4811 2118 4878 pro-

188 4883 289 4942 guutur
307 4872 388 4927 baeer
413 4893 443 4926 es
464 4875 630 4945 ssrtogrspbo
650 4879 781 4929 Adamas
801 4875 950 4931 tonsam
972 4877 1076 4934 descri-
1127 4881 1312 4960 ponuntur
1336 4891 1376 4934 ln
1396 4864 1595 4955 Caleclmt,
1629 4887 1669 4944 ul
1698 4877 1803 4968 vulgo
1828 4897 1967 4954 vocant·
2024 4883 2115 4958 Cum

188 4941 248 5012 psit.
263 4969 300 4984 -
331 4940 454 4995 Similem
469 4942 525 4996 lere
538 4943 665 4996 schedam
680 4943 841 4998 Melanthos
854 4963 927 5000 anno
942 4946 1017 5004 1531.
1031 4947 1073 5002 sl-

186 5009 256 5082 fixis,
276 5029 357 5082 quam
370 5009 426 5067 rid.
443 5029 524 5081 supra
538 5013 566 5064 iu
581 5011 634 5065 line
646 5014 712 5066 anni
727 5011 802 5067 test.

423 5127 674 5204 Studiosis
698 5129 739 5208 S.

1126 4983 1244 5040 autem
1264 4963 1393 5062 prosit,
1418 4991 1547 5061 pueros
1564 4975 1608 5042 ad
1628 4999 1736 5045 unam
1754 4980 1948 5083 simplicem
1966 4999 2000 5054 et
2013 4986 2114 5057 simi-

1123 5071 1193 5142 lem
1207 5071 1388 5142 doctrinae
1406 5072 1556 5142 sormam
1579 5077 1782 5166 adsuelieri,
1805 5095 1960 5174 optarem
1985 5110 2026 5156 ex
2041 5089 2112 5164 illis

94 5228 258 5348 Decrevi,
281 5259 417 5358 aliquot
436 5261 587 5335 Homeri
608 5265 720 5337 libros
742 5268 966 5360 interpretari
989 5269 1066 5346 Deo
1122 5280 1322 5296 ..........

95 5357 233 5437 volente.
282 5362 325 5434 ln
347 5387 424 5436 eam
446 5389 523 5436 rem
544 5365 725 5440 collocabo
748 5371 913 5462 deinceps
939 5366 1063 5446 horam

138 5465 305 5536 ttnrm.
318 5471 422 5538 Ocra.
449 5471 589 5538 Vor..V.

1150 5397 1180 5469 *l
1199 5399 1503 5543 Apogrigtcersentw,
1521 5400 1659 5480 mendose.
