4754 5806
124 363 160 428 A
639 237 908 322 ANNALES
942 237 1128 318 visua
1157 239 1290 320 MEL.
1343 239 1485 323 tots..
1529 243 1659 326 1444.

160 383 215 444 ug.

169 465 209 528 6·
259 421 492 490 Francolordiao
515 429 603 490 litam
622 424 782 498 Pastorum
807 428 844 490 do
869 446 950 487 sacra
975 439 1070 488 coena
1094 437 1125 488 st
1150 429 1328 490 ceremoniis
1353 427 1534 514 quibusdam
1561 435 1727 514 componit.

170 567 206 630 9.
259 556 314 623 Est
338 557 496 624 Erfurdisc
522 573 553 624 et
576 573 701 624 vocatur
726 558 923 626 Wimariaur.

147 701 205 762 10.
257 691 497 760 newsum„
522 661 556 758 rs
581 697 659 758 aaa.

144 829 206 897 16.
257 824 394 890 Domum
418 833 512 892 veuit.
757 807 765 820 ⁹

144 967 208 1028 17.
257 959 421 1026 Theodoro
448 967 551 1027 scribit
577 983 655 1050 quac
676 975 740 1025 acta
766 961 879 1022 luerint
903 957 1040 1022 Bonuae.

257 1093 380 1160 Bellum
405 1099 484 1160 iuter
509 1094 664 1162 curnem
687 1109 717 1160 ct
739 1093 858 1158 Ducem
885 1092 1066 1158 Clivensem.

145 1233 207 1304 24.
257 1227 342 1292 Dura
367 1235 398 1293 vi
424 1235 541 1318 capitur
565 1251 584 1297 a
608 1234 759 1294 militibus
786 1229 929 1294 Caesaris.

126 1336 214 1420 Sept.

171 1447 204 1508 3·
257 1444 330 1510 Mel.
358 1449 510 1529 praefatur
533 1453 566 1510 in
592 1449 722 1512 librum:
751 1445 972 1528 „Rel'crmatio
997 1443 1150 1509 Ecclesiae
1177 1441 1385 1510 coronensis'¹
1411 1461 1467 1512 etc.

173 1577 206 1639 6·
257 1579 304 1642 Da
326 1603 419 1643 coena
444 1603 525 1646 sacra
550 1585 653 1646 scribit
678 1583 715 1644 ad
740 1581 949 1645 Theodorum.

173 1712 207 1772 ⁷·
260 1713 322 1777 l‘ax
347 1719 425 1779 inter
451 1713 606 1780 Gaesarem
632 1729 663 1780 et
687 1715 806 1779 Ducem
832 1713 962 1778 Clivens.

148 1847 206 1908 10.
257 1847 331 1914 illel.
359 1849 536 1914 Bernhardo
560 1849 720 1934 Zicglero‚
747 1851 893 1932 theologo
919 1843 1027 1929 Lips.‚
1054 1845 1157 1907 scribit
1183 1845 1351 1968 oratiopens
1377 1850 1409 1908 in
1435 1851 1627 1929 promotione
1653 1853 1819 1934 legendam.

134 1941 207 2008 Oct.

173 2051 205 2112 8·
259 2050 336 2114 Vito
362 2049 526 2114 Theodoro
549 2055 727 2114 seutentiam
750 2070 835 2112 suam
860 2051 962 2110 scribit
988 2047 1025 2107 de
1051 2015 1247 2127 impositione
1273 2069 1420 2112 manuum
1443 2051 1475 2114 'et
1495 2051 1532 2113 dc
1559 2059 1882 2119 excommunicatione.

150 2184 206 2245 22.
258 2183 351 2248 Vitus
376 2181 599 2248 Amerbachius
623 2183 820 2266 Wltebergce
844 2187 912 2244 lites
937 2194 1039 2244 moret
1061 2179 1200 2242 adversus
1222 2176 1449 2248 Melanthouem
1470 2191 1502 2248 in
1529 2188 1664 2250 doctrina
1688 2190 1726 2250 de
1752 2193 1861 2252 anima.

150 2314 206 2381 25·
258 2317 364 2382 lilonct
385 2317 585 2383 Theodorum
607 2341 647 2382 uc
672 2317 813 2380 accendat
838 2318 1073 2398 controversiam
1098 2312 1136 2374 do
1161 2336 1256 2376 coena
1279 2337 1372 2382 sacra.

136 2411 212 2476 Nor.

173 2516 206 2582 4.
259 2520 377 2587 Bucero
401 2525 503 2586 scribit
528 2524 565 2584 da
589 2525 665 2584 rixis
686 2523 902 2602 theologorum
927 2520 965 2580 dc
990 2537 1084 2580 coena
1105 2541 1149 2598 s.,
1175 2531 1206 2581 ot
1231 2519 1268 2580 da
1293 2515 1469 2606 Principum
1494 2526 1660 2588 temeritato
1685 2537 1715 2587 et
1740 2528 1867 2587 incuria.

259 2656 399 2720 Mandata
421 2657 512 2720 hebet
536 2679 553 2718 a
578 2653 666 2724 Duco
689 2653 849 2733 Prussise‚
875 2667 910 2715 nt
934 2653 1072 2714 doctores
1098 2655 1200 2716 mittat
1224 2659 1257 2716 iu
1281 2652 1379 2721 Acad.
1407 2651 1603 2739 Ragiomcnt.

173 2791 205 2853 7.
261 2790 456 2856 Recuduutur
480 2789 557 2854 illel.
582 2803 743 2854 erotemata
765 2789 943 2850 dialectices.

150 2927 207 2989 12.
260 2921 456 2988 Enarraturus
482 2937 527 2987 est
546 2927 616 2988 libr.
637 2921 680 2988 V.
705 2921 886 2986 Ethicorum
908 2919 1083 2983 Aristotelis
1102 2921 1141 2984 dc
1164 2925 1288 2985 iustitia.

152 3061 207 3122 19.
258 3057 436 3122 Mandatum
459 3062 605 3140 accipite
630 3055 680 3123 l’r.
708 3055 865 3137 Electum,
891 3069 926 3117 ut
950 3069 1033 3138 paret
1055 3077 1087 3118 se
1111 3055 1150 3118 ad
1175 3059 1233 3120 itas
1257 3055 1378 3141 Spiram
1403 3057 1575 3124 faciendum
1601 3061 1639 3124 ad
1663 3070 1855 3124 conventum.

259 3191 350 3256 Vitus
375 3190 597 3256 Amerbscbius
621 3189 803 3273 Witeberga
828 3190 954 3252 discedit
977 3194 1010 3250 iu
1034 3187 1204 3253 Bovarium.

151 3334 207 3396 29.
260 3323 333 3390 liet.
359 3331 494 3412 queritur
517 3325 554 3387 de
580 3329 714 3388 moribus
738 3323 861 3404 Sabini,
888 3327 989 3406 generi
1012 3329 1070 3384 sui.

124 3427 216 3602 D‘Zb:
261 3526 416 3612 Scriptum
440 3525 516 3593 Met.
543 3532 747 3610 germanicum
769 3530 806 3590 de
832 3529 1004 3590 discrimine
1030 3525 1102 3589 Vct.
1129 3537 1159 3588 et
1182 3521 1264 3588 Novi
1290 3523 1374 3590 Test.
1401 3527 1513 3612 prodit.

152 3673 209 3734 10.
261 3661 387 3728 Carolus
412 3657 493 3746 lmp.
518 3666 626 3724 invitet
645 3659 765 3724 Ducem
788 3658 863 3728 Sex.
887 3659 984 3723 Eleot.
1010 3673 1040 3722 et
1063 3655 1290 3742 Landgravium
1316 3661 1457 3741 Hessius,
1483 3677 1517 3731 ut
1543 3666 1603 3744 ipsi
1629 3663 1751 3724 veniant
1777 3665 1810 3723 iu
1837 3625 2017 3724 conventum
2041 3661 2169 3748 Spiren.

311 3787 375 3832 sem
391 3765 423 3829 d.
444 3770 499 3833 10.
519 3761 586 3828 lan.
601 3763 708 3834 1644.
727 3765 908 3826 babendum.

151 3910 211 3975 25.
261 3899 358 3988 Mittit
373 3897 538 3963 Theodoro
561 3897 778 3980 praelationem
803 3902 835 3957 iu
863 3893 994 3958 Lntheri
1019 3900 1236 3958 enarrationem
1262 3901 1354 3980 primi
1378 3895 1473 3960 Musis
1499 3901 1579 3960 libri.
1706 3951 1713 3960 .

261 4035 330 4097 Hoc
355 4055 434 4096 auno
460 4036 608 4095 enarravit
631 4035 665 4090 in
689 4029 791 4104 schola
817 4028 945 4093 Homeri
967 4031 1107 4092 carmina.

263 4165 365 4232 Edidit
389 4168 489 4230 denno
515 4165 727 4228 catechismum
753 4167 909 4262 puerilem.

1053 4491 1210 4570 ANNO
1246 4493 1381 4572 1544.

148 4630 212 4802 llll
261 4719 334 4784 Met.
363 4715 503 4803 Lipsiam
528 4722 735 4802 proficiscitur.

177 4869 211 4934 4.
262 4853 335 4919 Mel.
361 4867 391 4916 et
418 4851 590 4916 loacbimus
616 4849 801 4918 Camerarius
827 4853 1040 4916 commendant
1062 4849 1228 4936 Georgium
1253 4851 1401 4916 Sabinum
1426 4851 1556 4917 Alberto
1581 4849 1663 4915 Dnoi
1686 4851 1832 4916 Prussise.

139 5008 218 5086 ⁷³¹1·
264 4987 446 5070 Philippus,
473 4985 681 5082 Meiautlrouis
705 4991 805 5064 filius,
831 4988 1016 5049 claudestina
1041 4992 1190 5070 sponsalia
1215 4989 1305 5052 habet
1331 5011 1401 5052 cum
1424 4994 1526 5072 puella
1550 4985 1739 5072 Margarethc
1764 4985 1907 5050 Kiiffuer.

156 5141 211 5204 16,
263 5120 338 5186 lllel.
363 5125 461 5184 mittit
491 5120 723 5184 orationem-dc
747 5116 923 5184 Aristotele.

156 5275 212 5338 13,
266 5253 402 5318 Thomas
427 5251 627 5339 Naogeorgus
652 5259 739 5317 litem
762 5267 867 5318 movet
890 5256 1028 5320 adversus
1052 5253 1126 5320 Met.

267 5389 344 5456 Mel.
373 5389 521 5473 praelatio
547 5393 581 5452 in
607 5394 857 5452 commentarium
877 5384 1009 5452 Lutheri
1033 5393 1066 5452 iu
1091 5393 1224 5474 primum
1248 5391 1361 5468 librum
1384 5386 1481 5452 Musis
1506 5391 1643 5453 absoluta
1664 5403 1717 5453 est.
1768 5395 1840 5454 coli.
1867 5413 1915 5473 cp.
1936 5389 1965 5448 d.
1984 5389 2014 5450 d.
2040 5389 2072 5454 4.
2090 5387 2176 5448 Febr.

1418 5477 1472 5553 h.
