4670 5806
226 275 303 358 648
812 259 1254 346 EPISTOLARUM
1304 263 1501 346 mix.
1553 265 1690 346 1644.
2184 269 2261 350 dil

231 444 431 576 Q.
1047 441 1220 566 Q
1296 433 2235 542 AdaoitetmomReaci‚6a1·101mtfitiam.

1165 663 1172 675 ,
1270 569 1447 680 Magnam
1463 583 1582 686 cepi¹)
1596 589 1815 683 voluptatem
1831 615 1871 662 ex
1887 590 1998 664 literis
2015 595 2101 682 tuis,
2127 597 2165 664 in
2179 597 2260 690 qui-

598 643 660 733 Ῑο·
689 641 820 756 Lan&
821 669 858 730 ⁰·
1270 693 1339 764 bus
1353 703 1388 760 et
1411 691 1689 762 benivolentiam
1711 689 1800 762 mihi
1819 707 1915 764 tuam
1937 695 2069 766 illustri
2084 697 2260 786 significa-

321 808 344 872 es
362 802 399 858 Ει
412 821 505 878 apogr.
522 799 553 857 in
572 799 635 860 eod.
653 797 737 856 Gora.
754 799 815 858 ⁸99.
833 816 860 872 p.
879 795 938 855 169.
1273 793 1369 865 tione
1386 791 1554 896 declaras,
1580 809 1614 866 et
1628 796 1672 863 de
1686 795 1812 864 studiis
1824 795 1893 865 tuis
1910 798 2183 888 prudentissime
2199 801 2263 868 de-

1272 895 1415 965 liberas.
1464 889 1541 984 Ego
1557 919 1641 966 vero
1657 909 1692 966 et
1709 919 1826 966 amore
1847 920 1926 986 erga
1942 921 2000 966 me
2020 909 2079 970 tuo
2095 899 2263 988 delector,

1272 1011 1308 1068 et
1322 997 1456 1086 gaudeo
1476 993 1577 1091 tui¹)
1600 1010 1637 1068 et
1660 997 1768 1089 patris
1792 1021 1912 1084 causa,
1944 1011 1978 1068 et
1999 1015 2144 1092 propter
2164 1027 2263 1072 rern-

1273 1097 1472 1192 publicam,
1494 1109 1529 1168 te
1553 1099 1599 1167 ad
1617 1099 1724 1169 decus
1747 1111 1783 1169 et
1804 1101 1969 1170 virtutem
1992 1101 2177 1173 incitatum
2198 1127 2265 1196 ap-

1273 1213 1390 1292 petere
1404 1221 1478 1267 non
1499 1211 1638 1269 tantum
1659 1199 1870 1270 eruditionis
1884 1201 2046 1274 umbram
2064 1204 2104 1272 in
2120 1203 2181 1276 illa
2196 1230 2266 1298 po·

1200 1297 1203 1306 '
1274 1299 1368 1370 litica
1392 1313 1426 1370 et
1450 1301 1695 1389 gubernatrice
1723 1301 1905 1370 civitatum
1930 1303 2119 1394 sapientia,
2153 1331 2263 1400 quarn

238 1387 284 1478 S·
335 1403 448 1498 Saepe
469 1401 705 1474 animadverti
719 1402 836 1470 valere
859 1399 1011 1491 ingeniis
1025 1393 1063 1467 T
1057 1396 1227 1494 yrigelas
1273 1397 1380 1471 isthic
1403 1425 1423 1470 a
1445 1401 1591 1471 summis
1615 1401 1702 1472 viris
1727 1401 1890 1493 ingenio,
1921 1405 2122 1478 eruditione
2145 1421 2181 1477 et
2205 1431 2265 1477 sa-

237 1523 340 1593 tuos,
370 1507 434 1600 qui
460 1519 493 1575 et
514 1505 600 1574 olim
624 1503 759 1574 laudati
781 1516 884 1588 sunt,
918 1515 953 1572 et
974 1503 1122 1585 deinde,
1147 1523 1226 1570 cum
1275 1503 1406 1596 pientia
1429 1503 1723 1574 antecellentibus
1744 1503 1863 1590 audis,
1886 1508 1968 1592 sed,
1989 1523 2161 1600 quantum
2184 1509 2265 1580 lieri

239 1605 331 1681 hanc
355 1607 569 1680 Germaniae
591 1629 689 1675 oram
710 1605 754 1674 ad
779 1603 907 1673 lieram
928 1597 1098 1700 (Geram)
1124 1625 1229 1672 occu·
1275 1617 1407 1698 potest,
1436 1604 1609 1694 integram
1641 1605 1890 1694 cognitionem.
1952 1603 2033 1678 Etsi
2063 1623 2179 1684 autern
2204 1611 2265 1681 vir

240 1725 388 1806 parunt,
418 1732 474 1779 res
500 1730 645 1797 magnas
675 1719 875 1796 gesserunt,
908 1729 949 1774 ac
976 1702 1132 1775 ubertati
1161 1701 1228 1772 soli
1277 1707 1414 1798 sapiens
1438 1719 1472 1776 et
1493 1705 1626 1796 gravis,
1654 1721 1754 1798 pater
1778 1719 1877 1792 tuus,
1910 1707 2016 1778 etiam
2040 1710 2116 1779 sine
2138 1709 2265 1806 meo³)

241 1805 388 1910 κράσεις
408 1833 595 1902 corporum
620 1833 700 1878 cum
746 1808 979 1899 espondeant,
1005 1829 1152 1896 corpora
1169 1801 1229 1875 εὔ·
1276 1805 1425 1878 consilio
1449 1805 1703 1904 sententiam⁴)
1735 1819 1831 1876 tuam
1859 1811 2049 1900 probabat,
2089 1813 2149 1904 qui
2172 1813 2268 1884 vidit

241 1917 341 2008 χυλα
365 1908 428 1984 καὶ
453 1905 672 2005 calaorra),
761 1931 819 1978 sus
844 1903 976 1978 habent
998 1907 1167 1990 acriores,
1196 1919 1230 1974 et
1277 1909 1434 1999 exempla
1451 1908 1636 2002 utriusque
1652 1907 1789 1998 generis
1809 1923 1843 1981 et
1859 1912 2045 1981 salutarem
2066 1913 2173 1982 luisse
2196 1916 2269 1988 reia

196 2096 199 2106 Ι
245 2015 492 2086 inclinationes
507 2015 553 2082 ad
566 2011 732 2081 virtutem
747 2011 858 2100 magis
874 2009 1033 2093 idoneas3
1054 2009 1175 2101 quade
1191 2029 1229 2074 re
1277 2009 1374 2104 publ.
1389 2011 1578 2102 perfectam
1600 2009 1816 2095 doctrinam,
1849 2024 1884 2081 et
1907 2035 2008 2104 saepe
2031 2015 2192 2084 nocuisse
2214 2018 2268 2085 ci-

168 2113 177 2120 ’
243 2117 349 2188 credo
365 2129 410 2196 te,
425 2111 606 2185 hominem
622 2114 777 2192 doctum,
793 2134 894 2202 saepe
905 2110 1066 2199 cogitare.
1089 2105 1230 2200 Optan-
1277 2111 1380 2182 vibus
1404 2111 1640 2200 arrogantiam
1658 2110 1840 2181 doctrinae
1863 2113 2004 2182 inanem
2028 2116 2065 2184 iu
2087 2117 2268 2206 guberna-

245 2221 330 2290 dum
348 2219 456 2308 igitur
471 2229 564 2299 erat,
577 2228 617 2285 ut
631 2213 748 2284 studia
764 2213 945 2282 literarum
962 2213 1123 2281 investca
1141 2209 1229 2279 civi·
1277 2211 1431 2283 toribus:
1467 2225 1587 2282 tamen
1609 2227 1645 2283 et
1665 2235 1745 2302 ego,
1772 2225 1812 2283 ut
1828 2213 1989 2294 volebas,
2014 2217 2056 2285 ad
2078 2240 2158 2286 eum
2176 2220 2268 2288 scri-

246 2334 425 2414 tate‚quae
439 2317 491 2388 ibi
500 2318 587 2386 olim
602 2315 811 2397 floruerunt,
829 2315 1231 2404 instaurarentur,prae-
1277 2314 1332 2408 psi
1355 2312 1458 2406 eique
1477 2315 1636 2398 ostendi,
1661 2337 1740 2384 cum
1766 2313 1937 2386 iudicium
1961 2329 2061 2386 tuum
2082 2313 2173 2387 mibi
2188 2321 2270 2412 pla-

246 2423 366 2492 sertim
383 2413 544 2490 cumbae
561 2429 701 2486 nostrae
717 2415 913 2485 academiae
923 2415 992 2482 sint
1005 2413 1043 2482 in
1060 2414 1146 2483 locis
1161 2411 1231 2481 mi-
1278 2439 1371 2500 cere,
1386 2427 1463 2484 tum
1479 2439 1562 2485 vero
1576 2415 1721 2498 laudare
1738 2439 1794 2486 me
1808 2417 2026 2487 voluntatem
2042 2435 2148 2504 taram,
2169 2425 2269 2515 quod

246 2547 314 2593 nus
338 2521 539 2590 salubribus
559 2533 592 2588 et
613 2517 840 2607 nonpossint
861 2518 953 2585 alere
974 2537 1136 2604 magnam
1159 2515 1231 2583 lre-
1277 2517 1393 2587 lontes
1406 2516 1586 2588 doctrinae
1607 2511 1787 2613 integre⁸)
1807 2541 2014 2607 cognoscere
2038 2545 2201 2611 cuperes,
2229 2538 2271 2594 ut

246 2625 439 2719 querulam.
461 2610 1231 2708 lnadolescenteMelcht'oreWeidmatm')
1279 2633 1339 2690 tua
1358 2643 1465 2710 opera
1487 2617 1651 2688 salutaris
1674 2613 2020 2714 reipublicae⁶)esse
2036 2636 2166 2714 posset.
2218 2623 2269 2694 ll·

248 2729 302 2796 vis
328 2723 462 2814 ingenii
489 2736 523 2792 et
547 2721 686 2789 indoles
708 2721 886 2811 praeclara
915 2721 1032 2789 estad
1054 2719 1172 2788 literas
1199 2728 1233 2785 et
1280 2721 1343 2791 lud
1360 2734 1477 2790 autem
1494 2733 1529 2788 te
1553 2742 1637 2801 oro,
1658 2743 1704 2816 ne
1728 2741 1768 2788 eo
1783 2743 1909 2814 parum
1926 2721 2119 2792 officiosum
2138 2749 2194 2794 me
2211 2727 2269 2795 iu-

248 2831 292 2898 ad
310 2827 493 2910 virtutem,
518 2837 553 2894 et
574 2823 724 2892 feliciter
737 2821 850 2890 discit.
901 2819 1022 2909 Quare
1038 2834 1070 2890 te
1087 2845 1169 2900 oro,
1193 2831 1234 2888 ut
1281 2822 1393 2905 dices,
1423 2822 1519 2915 quod
1544 2843 1619 2890 uon
1643 2822 1760 2890 statiua
1787 2821 1891 2890 etiam
1916 2821 1981 2892 tibi
2003 2828 2188 2916 respondi,
2230 2843 2270 2897 ut

248 2953 330 3000 eum
362 2927 538 2998 tutoribus
572 2923 808 2997 commendes.
872 2921 984 3014 Spero
1017 2921 1130 3007 enim,
1168 2921 1235 2990 ali·
1282 2923 1435 2995 decebat.
1485 2919 1577 2991 Nam
1597 2921 1729 2991 interea
1754 2924 1924 3015 quaedam
1947 2923 2082 3012 ingrata
2104 2951 2145 2997 ac
2165 2953 2271 2998 aeru-

246 3043 382 3126 quanto
404 3041 484 3120 post
507 3026 587 3096 usui
612 3039 646 3097 et
669 3035 876 3094 ornamento
897 3024 973 3092 lore
999 3024 1135 3092 civibus
1154 3022 1236 3106 tuis,
1282 3045 1406 3094 annosa
1421 3021 1540 3115 potius
1562 3023 1823 3112 impediverunt
1839 3017 1906 3092 hoc
1931 3025 2097 3097 officium.
2149 3027 2272 3117 Quare

251 3134 324 3204 imo
344 3126 522 3200 Ecclesiae
543 3126 612 3197 Dei
633 3125 782 3218 patriae3
809 3149 898 3218 quae
914 3147 969 3194 res
984 3139 1156 3215 quantum
1173 3125 1236 3192 de·
1283 3121 1375 3195 mihi
1390 3123 1528 3193 veniam
1545 3124 1656 3194 dabis.
1708 3119 1756 3194 Ut
1778 3139 1894 3194 autem
1916 3125 2148 3214 intelligeres,
2182 3132 2273 3198 ami-

249 3233 397 3316 cussit,
427 3245 467 3302 tu
495 3228 627 3320 optime
653 3225 838 3314 intelligis,
872 3225 935 3318 qui
957 3237 1008 3295 tot
1030 3225 1101 3294 iam
1124 3246 1237 3294 annos
1284 3226 1404 3297 citiam
1418 3249 1475 3293 me
1490 3239 1587 3296 tuam
1605 3225 1847 3312 magnifacere,
1863 3225 1967 3294 etiam
1985 3249 2025 3294 ex
2042 3227 2202 3318 longiore
2216 3233 2274 3300 in-

252 3331 424 3424 singulari
438 3353 584 3400 munere
598 3326 667 3399 Dei
680 3327 830 3397 feliciter
852 3327 1027 3416 gubernas
1042 3323 1236 3396 Ecclesiam
1285 3327 1432 3398 tervallo
1461 3327 1529 3394 iam
1551 3327 1594 3393 ad
1617 3327 1649 3395 te
1671 3325 1899 3396 scribendum
1922 3351 1995 3396 esse
2016 3330 2112 3398 duxi.
2162 3329 2272 3401 Com-

252 3433 429 3527 lupatria.
480 3424 672 3502 Provehito
690 3429 799 3518 igitur
814 3422 882 3496 hoc
898 3427 1078 3516 ingenium
1093 3440 1127 3496 et
1139 3429 1239 3496 simi·
1285 3431 1408 3520 plexus
1422 3449 1500 3496 sum
1516 3439 1550 3495 te
1567 3427 1758 3494 admodum
1776 3428 2032 3498 adolescentem
2049 3443 2196 3521 propter
2217 3435 2272 3504 in·
2329 3439 2330 3498 i

253 3539 300 3607 lia
323 3547 495 3630 quantum
514 3545 624 3626 potes.
675 3529 779 3601 Nunc
801 3528 1015 3597 valetudinis
1036 3530 1239 3598 causaado-
1287 3531 1405 3600 dolem
1430 3541 1547 3610 tuam,
1580 3549 1685 3618 quam
1709 3529 1807 3598 etad
1831 3529 1950 3598 literas
1981 3542 2015 3598 et
2038 3532 2081 3599 ad
2104 3533 2274 3604 virtutem

253 3639 385 3709 lescens
407 3637 553 3705 domum
576 3632 679 3702 redit.
742 3627 851 3700 Mitto
885 3629 952 3702 tibi
977 3629 1170 3721 pagellam,
1200 3630 1240 3698 in
1288 3631 1453 3700 idoneam
1467 3649 1541 3697 esse
1557 3627 1672 3696 statim
1689 3627 1854 3698 iudicavi.
1907 3627 1946 3699 ld
1965 3653 2081 3700 meum
2098 3633 2272 3706 iudicium

254 3764 323 3836 qua
338 3737 491 3832 precatio
508 3747 577 3818 est,
602 3757 708 3826 quam
725 3732 797 3804 tuis
812 3731 895 3799 liliis
921 3754 1119 3822 proponere
1140 3744 1241 3822 pote-
1288 3743 1408 3825 postea
1433 3752 1555 3799 cursus
1576 3728 1775 3798 studiorum
1792 3743 1935 3798 tuorum
1953 3733 2217 3820 comprobavit,
2244 3749 2275 3806 et

254 3841 315 3914 ris.
366 3833 777 3909 lieneetlelicitervale.
827 3829 1077 3906 DieBrumac.
1290 3831 1443 3900 vicissim
1465 3830 1587 3899 multis
1610 3830 1678 3898 tuis
1700 3844 1735 3900 et
1756 3831 1866 3920 patris
1892 3831 2015 3901 officiis
2035 3835 2276 3906 benivolentia
2328 3915 2329 3918 Ἴ

1291 3955 1372 4022 erga
1395 3956 1452 4000 me
1474 3943 1587 4001 vestra
1612 3930 1786 4000 declarata
1808 3945 1872 4005 est.
1923 3929 2124 4004 Hancveco
2153 3937 2277 4007 amici-
2328 3919 2329 3956 ³

981 4019 1056 4116 Ph.
1076 4021 1128 4094 M
1292 4035 1378 4105 tiam
1395 4047 1551 4104 nostram
1570 4032 1615 4100 ab
1637 4025 1822 4105 honestiss.
1847 4031 1960 4102 initiis
1976 4045 2109 4120 ortam,
2130 4061 2205 4106 non
2222 4061 2277 4107 so-

1292 4135 1369 4204 lum
1389 4147 1533 4225 propter
1553 4155 1666 4200 meam
1690 4129 1891 4228 causam⁷),
1917 4135 1978 4202 sed
2003 4134 2108 4204 etiam
2133 4153 2277 4230 propter

268 4286 413 4311 ...‚...-
432 4281 841 4294 -............-.---.-
1293 4236 1468 4328 rempubl.
1496 4234 1587 4304 tueri
1609 4233 1726 4324 cupio.
1784 4229 1873 4302 Nam
1896 4235 2054 4326 privatae
2077 4241 2278 4310 moderato-

1292 4361 1374 4408 rum
1394 4333 1580 4406 hominum
1593 4335 1860 4404 coniunctiones
1873 4337 2054 4406 communi
2068 4337 2161 4408 vitae
2177 4341 2278 4412 utiles

257 4444 323 4517 No,
341 4443 450 4516 5088,
1099 4453 1152 4513 11.
1171 4441 1244 4507 Deo.
1294 4452 1395 4522 scant,
1422 4439 1512 4506 etad
1531 4430 1622 4514 hane
1643 4437 1847 4505 referendae
1867 4451 1950 4508 sunt
1966 4440 2173 4528 praesertim
2199 4465 2278 4512 eru-

264 4539 436 4568 Μ
1076 4533 1247 4566 w*
1293 4541 1451 4611 diturum
1471 4535 1655 4606 amicitiae.
1706 4533 1824 4606 Velim
1849 4537 1975 4627 igitur,
2000 4539 2048 4608 ita
2068 4553 2221 4632 statuas,
2248 4555 2278 4613 te

531 4639 649 4728 Guit.
679 4640 836 4734 Rinclt,
864 4631 981 4746 filio.
1293 4715 1519 4736 .....-.-.

330 4818 578 4904 {Erepogceplpo
590 4813 910 4935 eod.G·otb.·19l.(p.75.
944 4815 1055 4888 Legitur
1067 4815 1138 4870 eliud
1152 4835 1244 4888 apogr.
1327 4831 1354 4898 1)
1374 4827 1444 4884 cod.
1458 4825 1652 4891 Gotbmeeepi.

356 4909 386 4945 ιιι
404 4887 668 4944 coenomanorum
686 4905 715 4938 ιιι
739 4883 802 4936 bibl·
864 4883 984 5006 elpines-b.
1005 4883 1067 4940 cod.
1087 4884 1148 4938 ill.
1170 4887 1244 4968 quod
1325 4913 1355 4983 ς)
1372 4911 1565 4967 cogmom,
1577 4921 1638 4967 m,

1363 5063 1474 5117 Monac.
1492 5063 1552 5116 sine
1570 5079 1641 5116 meo.

1327 5151 1362 5220 4)
1379 5149 1448 5207 eod.
1464 5146 1544 5204 Gotb.
1565 5150 1740 5212 sapientiam.

1331 5233 1360 5299 5)
1379 5231 1450 5287 Cod.
1465 5230 1581 5302 Guelpb.
1595 5233 1732 5296 integrae.

298 5321 325 5389 l)
339 5315 480 5392 vereripri
493 5314 534 5370 uti
545 5315 574 5369 ia
588 5310 742 5370 codGotb.
756 5311 885 5382 leguntur
898 5317 923 5362 et
936 5305 1147 5362 distinebant.
1265 5321 1266 5324 ’
1328 5317 1359 5387 6)
1377 5317 1495 5384 respuet,
1510 5313 1608 5370 acidia
1621 5333 1636 5368 e
1648 5317 1710 5370 φά,
1726 5315 1809 5374 Gom,

296 5421 326 5489 ί)
343 5417 387 5478 Gi.
398 5438 441 5496 ep·
454 5417 489 5474 ed
502 5415 624 5490 longum
639 5417 666 5472 d.
681 5417 707 5472 l.
721 5415 780 5472 lao-
795 5407 868 5466 154⁵.
1331 5403 1360 5472 7)
1377 5400 1447 5458 cot.
1462 5399 1575 5456 Monac.
1587 5401 1680 5455 solun
1691 5419 1758 5456 mea
1770 5419 1864 5461 meu.

236 955 449 1037 Reverendo
464 959 562 1048 viro,
587 938 789 1030 eruditione
805 975 836 1028 ee
856 954 984 1026 virtute
1003 952 1225 1054 praestanti,

237 1065 291 1137 D.
312 1061 493 1136 Ioanni
513 1057 703 1156 Longo,
738 1056 899 1130 Ductori
920 1051 1123 1152 Theolog„
1153 1081 1226 1150 gu-

237 1164 412 1256 bernanti
434 1161 620 1238 ecclesiam
636 1159 715 1233 Dei
737 1160 776 1231 in
795 1154 1144 1260 urbeErsordensi,
1166 1155 1226 1254 pie

516 1262 699 1367 feliciter,
724 1264 843 1334 amico
862 1285 948 1350 suo,
