4654 5804
244 273 320 347 na
761 243 1265 344 :urrsromnou
1314 245 1422 326 aar.
1447 219 1536 328 rx..
1565 243 1727 331 aare:
1774 233 1780 250 ‘
2198 256 2264 330 on

179 495 183 502 ·
346 442 439 517 Cum
462 437 571 530 igitur
586 431 727 506 nullum
745 440 837 502 extet
851 429 1000 498 verbum
1016 423 1084 496 Dei
1103 423 1146 493 de
1167 413 1235 490 hac
1287 412 1439 509 Davidi,
1463 419 1587 510 Petro,
1612 421 1736 511 Paulo,
1761 409 2083 498 et'omnib115215132
2110 425 2162 500 113
2178 441 2265 500 effi,

179 625 181 628 ,
246 547 486 628 invocatione,
510 541 550 610 lit
578 536 659 608 talis
686 531 868 602 invocatio¹
894 553 973 600 cum
1005 524 1237 607 dubitatione,
1285 525 1531 597 vult‘ctnobis
1546 526 1712 597 omnibus
1732 543 1871 620 peccate
1887 531 2066 601 remittere
2087 528 2192 610 †lide
2211 555 2267 621 pe-

249 679 294 726 an
321 647 377 720 hic
400 667 477 713 mos
491 639 566 711 Deo
588 639 731 732 placeat.
783 631 903 722 Quare
925 651 1148 723 nequaquam
1167 633 1238 695 sta·
1286 624 1472 700 tentibus'¹.

248 753 407 828 bilienda
427 757 487 817 ⁶⁸¹·
600 759 612 832 '-
1387 724 1537 815 Quarlo·
1588 726 1689 800 Sicut
1720 742 1857 802 sanctos
1893 755 1974 802 suos
2008 731 2208 823 castigavit,
2239 747 2268 804 et

351 850 536 922 Praeterea
569 841 679 910 solius
712 832 965 925 omnipotentis
999 843 1146 900 naturae
1177 839 1240 911 est,
1288 827 1385 898 cruci
1408 829 1576 916 subiecit,
1602 843 1636 900 ct
1658 843 1776 899 tamen
1798 833 2005 903 sustentavit
2028 857 2091 902 sua
2114 835 2270 904 consola-

251 971 368 1028 motus
385 947 546 1019 cordium
560 957 594 1013 et
608 937 862 1020 invocationis,
886 958 926 1004 ac
941 933 1089 1023 gemitus
1105 932 1144 999 in
1161 953 1241 1015 cor·
1288 930 1405 1014 tione,
1429 943 1465 1000 ct
1487 953 1610 1002 rursus
1632 932 1808 1002 mirandis
1826 934 2098 1004 liberationibus
2118 937 2269 1005 ornavit:

151 1111 153 1114 .
252 1062 358 1131 dibus
375 1050 536 1120 omnium
558 1041 746 1114 hominum
767 1039 890 1108 audire
910 1049 944 1106 et
959 1035 1128 1108 iudicare.
1180 1029 1241 1100 ln·
1290 1028 1344 1101 lta
1358 1031 1549 1118 discamus,
1570 1055 1636 1102 nos
1652 1057 1793 1126 quoque
1812 1036 2061 1124 gubernandos
2076 1059 2166 1121 esse,
2192 1037 2271 1105 obe-

251 1177 383 1231 vocans
399 1157 680 1228 autemsanctos,
696 1139 759 1234 qui
774 1163 815 1208 cx
829 1133 896 1207 hac
908 1137 980 1209 vita
997 1136 1243 1214 discesserunt,
1290 1134 1428 1202 diamus
1451 1133 1491 1200 in
1513 1157 1633 1220 cruce,
1659 1158 1698 1204 ac
1715 1148 1873 1226 petamus
1888 1149 1923 1206 et
1938 1151 2157 1228 expectemus
2179 1139 2271 1206 arui-

253 1258 380 1334 tribuit
396 1255 445 1323 cis
459 1247 555 1319 hunc
568 1243 756 1327 honorem,
775 1255 808 1310 ct
821 1235 913 1310 hanc
927 1232 1133 1329 potentiam,
1146 1233 1242 1328 quod
1291 1233 1381 1304 lium
1395 1245 1430 1302 et
1446 1233 1703 1319 liberationem,
1718 1235 1808 1308 sicut
1822 1239 1991 1331 scriptum
2006 1252 2072 1308 est:
2096 1233 2271 1307 Subdiu„

255 1368 403 1436 cernant
417 1365 538 1423 motus
556 1347 719 1419 cordium
738 1342 882 1434 ubique.
936 1338 977 1408 ld
995 1338 1109 1428 reipsa
1126 1349 1176 1404 est
1193 1333 1242 1401 cis
1294 1342 1368 1405 esto
1383 1329 1486 1421 Deo,
1511 1343 1543 1404 el
1556 1359 1627 1404 -ora
1642 1359 1720 1404 eum
1738 1331 1792 1434 ³²).

255 1465 413 1538 tribuere
429 1447 732 1543 omnipotentiam.
763 1439 830 1512 Est
842 1454 960 1510 autem
974 1440 1152 1508 idolorum
1169 1435 1246 1504 cul·
1337 1485 1338 1488 ,
1395 1433 1545 1525 Quinto.
1594 1436 1784 1508 Laudandi
1798 1452 1881 1510 sunt
1898 1452 1933 1510 ct
1948 1440 2016 1530 ipsi
2033 1439 2158 1524 sancti,
2185 1442 2272 1534 quod

257 1584 314 1640 tus
326 1563 482 1634 tribuere
499 1554 577 1624 aliis
594 1561 732 1642 praeter
746 1541 862 1614 Deum
877 1539 1183 1631 omnipotentiam.
1295 1537 1513 1626 diligentiam
1529 1533 1781 1624 adhibuerunt,
1795 1563 1840 1610 ne
1855 1541 2077 1612 effunderent
2092 1542 2163 1612 Dei
2178 1544 2272 1619 dona,

237 1677 243 1686 '
360 1657 497 1732 Omnes
512 1655 621 1746 igitur
634 1650 894 1740 gubernatores,
919 1640 1103 1734 Episcopi,
1129 1652 1247 1730 pasto·
1295 1640 1356 1709 sed
1371 1661 1487 1709 mores
1508 1661 1589 1710 suos
1610 1653 1703 1710 recte
1726 1641 1985 1732 gubernarunt,
2011 1645 2169 1714 studiose
2190 1643 2274 1711 didi·

185 1801 187 1806 ·
258 1792 332 1851 res,
358 1777 391 1838 et
407 1759 590 1849 Principes
602 1747 699 1822 hunc
717 1769 873 1817 errorem
890 1758 924 1816 et
939 1746 1089 1815 abusum
1106 1740 1247 1812 abolere
1297 1755 1421 1812 cerunt
1441 1741 1640 1840 doctrinam
1663 1744 1863 1822 coelestem,
1886 1745 2049 1814 exercitia
2070 1744 2274 1827 studiorum,

239 1871 400 1944 ‘debessb
539 1949 540 1954 ἵ
812 1849 815 1854 ¹
1233 1923 1235 1928 ,
1296 1842 1569 1912 meditationum
1597 1855 1632 1913 et
1658 1843 1901 1933 precationum
1928 1841 2145 1916 habuerunt:
2186 1843 2275 1933 Quas

360 1966 460 2054 Quae
482 1971 598 2028 autem
620 1951 813 2048 pertinacia
833 1962 886 2020 est
904 1947 1061 2017 stabilire
1082 1939 1174 2014 hanc
1191 1941 1250 2010 in·
1299 1967 1423 2012 eorum
1440 1943 1586 2013 virtutes
1603 1944 1706 2013 nobis
1722 1945 1910 2014 imitandas
1929 1969 2182 2039 proponamus,
2230 1944 2276 2013 De

260 2071 501 2145 vocationem,
527 2081 607 2129 cum
628 2059 667 2126 in
688 2066 877 2144 conspectu
900 2051 972 2120 sint
996 2049 1126 2116 abusus
1148 2043 1251 2126 tanti,
1299 2039 1356 2114 his
1372 2044 1458 2114 locis
1474 2045 1664 2114 dicendum
1681 2046 1764 2126 erit,
1790 2047 1927 2140 quoties
1941 2049 1985 2116 de
2002 2062 2203 2119 sanctorum
2217 2041 2276 2114 ho-

263 2175 325 2271 qui
339 2168 520 2239 manifeste
537 2173 620 2231 sunt
635 2157 750 2228 cultus
765 2153 955 2231 idolorum,
979 2163 1014 2218 et
1027 2171 1132 2216 nemo
1149 2145 1251 2234 igno-
1299 2144 1449 2214 notibus
1469 2146 1668 2239 quaeritur,
1691 2169 1844 2239 quorum
1872 2148 2031 2217 locorum
2052 2149 2277 2220 consideratio

263 2291 319 2350 ret
342 2271 481 2341 nullum
511 2273 736 2354 praeceptum
762 2268 823 2325 aut
850 2252 1048 2344 exemplum
1073 2261 1189 2317 extare
1213 2245 1252 2313 in
1301 2247 1413 2336 gignit
1432 2247 1472 2314 in
1495 2246 1623 2317 animis
1648 2269 1765 2316 veram
1788 2248 2029 2335 dilectionem,
2052 2251 2277 2320 reverentiam

266 2373 405 2468 scriptis
429 2359 650 2456 Propheticis
678 2373 712 2428 et
733 2353 966 2448 Apostolicis,
1002 2351 1098 2445 quod
1131 2349 1253 2417 doceat
1302 2370 1382 2438 erga
1402 2361 1560 2433 sanctos,
1583 2362 1659 2418 tum
1681 2349 1720 2417 in
1741 2348 1846 2418 coelis
1868 2352 2043 2432 viventes,
2067 2365 2146 2422 tum
2166 2351 2278 2420 nobis.

265 2478 359 2552 banc
374 2467 633 2544 invocationem
647 2459 722 2530 Deo
738 2460 886 2550 placere.
1302 2473 1381 2520 cum
1398 2444 1513 2518 adhuc
1531 2449 1568 2516 in
1581 2445 1649 2519 hac
1665 2451 1738 2522 vita
1753 2451 1933 2540 degentes,
1958 2468 2146 2544 occupatos
2161 2455 2277 2543 guber.

241 2573 247 2586 ’
301 2570 320 2666 J
366 2573 440 2646 Nec
457 2592 540 2637 vero
563 2562 723 2656 sequitur
737 2554 843 2643 hinc,
867 2569 907 2626 ut
923 2553 1027 2624 nobis
1045 2552 1177 2622 iniuste
1188 2551 1255 2619 ob-
1302 2551 1447 2620 natione
1459 2547 1637 2620 Ecclesiae
1651 2563 1685 2620 et
1699 2547 1855 2641 Reipub‚

268 2682 405 2760 licitur,
430 2693 496 2741 nos
513 2690 588 2736 non
604 2664 769 2752 diligere,
795 2682 870 2729 non
886 2655 1067 2738 venerari,
1092 2677 1165 2722 non
1187 2645 1256 2720 ho·
1405 2649 1513 2741 Quod
1537 2651 1694 2744 pulcrius
1725 2655 1962 2744 spectaculum
1983 2645 2194 2746 potestesse
2222 2651 2280 2723 lao-

244 2779 247 2787 .
269 2807 357 2855 nare
374 2775 509 2847 allicere
531 2780 685 2838 sanctos:
711 2761 819 2842 Item,
845 2757 980 2829 aboleri
997 2757 1035 2824 in
1049 2755 1255 2825 universum
1302 2752 1394 2822 mini
1416 2776 1520 2838 sano,
1552 2777 1659 2846 quam
1681 2767 1799 2825 mente
1823 2757 2055 2847 contemplari
2077 2758 2165 2826 tales
2186 2757 2279 2836 viros.

250 2875 377 2956 ¹festos
407 2877 502 2957 dies,
531 2891 683 2964 quorum
713 2862 899 2956 praecipua
927 2858 1035 2927 tuerit
1061 2856 1255 2928 celebritas.
1305 2855 1426 2947 quales
1445 2857 1591 2925 luerunt
1618 2851 1764 2946 loseph,
1789 2853 1922 2940 David,
1949 2870 1983 2927 et
2007 2858 2079 2926 alii.
2131 2857 2280 2927 Primum

268 2985 328 3060 Ad
349 2980 436 3052 baec
456 2971 726 3066 respondemus:
752 2963 828 3035 Deo
844 2974 985 3032 aeterno
1010 2957 1102 3050 patri
1124 2971 1158 3026 et
1183 2956 1256 3024 lilio
1306 2957 1402 3024 enim
1424 2953 1521 3025 Deus
1543 2956 1582 3024 iu
1611 2957 1756 3025 illorum
1777 2957 2056 3027 consideratione
2081 2960 2281 3049 agnoscitur,

270 3090 347 3159 eius
376 3081 455 3152 lesu
480 3071 622 3147 Christo
661 3082 695 3140 et
725 3063 877 3158 Spiritui
912 3073 1054 3144 sancto,
1087 3072 1257 3152 tanquam
1306 3057 1369 3150 qui
1385 3077 1421 3124 se
1438 3079 1501 3148 per
1515 3053 1596 3125 illos
1610 3057 1713 3126 certis
1728 3057 1936 3127 testimoniis
1951 3061 2123 3149 patefecit.
2155 3060 2282 3129 Deinde

268 3185 442 3261 essentiae
458 3170 693 3265 omnipotenti
706 3167 896 3240 tribuenda
913 3177 964 3234 est
978 3161 1171 3244 invocatio,
1197 3157 1257 3226 sed
1307 3159 1346 3227 in
1366 3153 1496 3228 horum
1519 3159 1626 3227 rebus
1654 3158 1758 3246 gestis
1778 3158 1966 3244 discimus,
1994 3163 2174 3253 quomodo
2199 3160 2282 3229 Dens

271 3287 400 3362 sanctis
421 3281 483 3352 alii
500 3274 653 3346 honores
672 3279 889 3360 competunt.
939 3260 992 3334 Ac
1008 3275 1122 3354 potest
1138 3259 1259 3330 erudi·
1308 3260 1450 3347 colligat
1471 3259 1539 3328 sibi
1559 3247 1762 3328 Ecclesiam
1774 3272 1806 3330 et
1821 3263 2005 3351 -quomodo
2021 3286 2098 3330 eam
2114 3265 2283 3351 gubernat.

165 3376 169 3384 ¹
269 3409 328 3467 tus
342 3403 378 3459 et
391 3385 470 3478 pius
488 3376 717 3450 concionator
738 3394 779 3439 ex
801 3389 924 3437 eorum
945 3359 1104 3434 historiis
1126 3360 1259 3454 populo
1309 3359 1432 3430 Tertio
1451 3362 1549 3431 iuvat
1565 3361 1724 3451 ipsorum
1745 3361 1951 3430 excellentes
1968 3363 2116 3433 virtutes
2135 3361 2282 3434 contueri

271 3493 386 3567 multa
400 3484 569 3564 recitare,
594 3499 683 3569 quae
699 3474 743 3541 de
758 3467 922 3539 maximis
942 3467 1065 3545 rebus,
1091 3463 1261 3534 crudiunt
1308 3473 1343 3530 et
1363 3461 1541 3532 admirari.
1575 3459 1687 3548 ,Haec
1710 3461 1943 3532 consideratio
1959 3465 2158 3534 absentium
2178 3475 2283 3532 monn

271 3607 427 3674 menies,
453 3598 487 3655 el
502 3579 712 3652 ⁰⁰¹¹fif¹¹¹³¹1l
726 3573 844 3643 fldem·
1310 3563 1447 3634 animos
1466 3565 1509 3632 ad
1528 3563 1729 3656 quaerenda
1749 3565 1903 3654 exempla
1922 3565 2016 3634 inter
2032 3567 2206 3648 viventes,
2230 3563 2281 3656 qui

246 3703 250 3708 '
374 3690 535 3762 Primum
552 3679 649 3774 quod
669 3677 707 3746 in
716 3675 883 3766 ,ipsorum
896 3664 1044 3739 historia
1068 3679 1185 3737 extent
1207 3679 1261 3736 te-
1310 3664 1349 3732 in
1371 3665 1481 3734 simili
1503 3664 1757 3754 gubernatione
1779 3677 1812 3733 et
1828 3666 2011 3735 vocatione
2032 3681 2233 3746 versantur,
2255 3677 2281 3731 ct

274 3793 440 3869 stimonia
462 3781 614 3855 illustria
635 3781 679 3848 de
702 3799 839 3845 summo
858 3769 927 3842 Dei
948 3769 1140 3853 beneficio,
1164 3767 1260 3860 quod
1310 3765 1451 3838 collatio
1484 3767 1644 3840 accendit
1678 3766 1961 3836 benevolentiam
1995 3779 2030 3838 et
2063 3767 2279 3837 reicerenlinn

273 3897 439 3968 videlicet
456 3883 590 3984 †Deus
605 3905 640 3952 sc
655 3873 811 3946 humano
827 3873 946 3963 generi
962 3871 1139 3964 patefecit,
1164 3869 1261 3961 quod
1310 3891 1390 3958 erga
1408 3889 1478 3942 cos.
1749 3879 1755 3886 ·

274 4001 360 4094 ipsis
384 3983 574 4064 videlicet''
596 3975 785 4072 Prophetis
809 3989 844 4046 et
868 3971 1049 4065 Apostolis
1077 3970 1262 4041 tradiderit

276 4123 379 4175 suum
401 4087 656 4179 Evangelium,
682 4093 716 4151 et
738 4075 915 4148 addiderit
934 4089 1026 4144 certa
1051 4071 1262 4154 testimonia,
1323 4113 1329 4130 .

276 4219 311 4274 et
326 4223 389 4294 per
403 4191 469 4264 hos
484 4185 663 4279 collegerit
678 4180 748 4252 sibi
761 4175 966 4248 Ecclesiam.
1017 4171 1112 4242 Haec
1126 4194 1262 4242 summa
1413 4149 1492 4222 Hoc
1507 4151 1585 4222 loco
1604 4163 1638 4220 et
1653 4151 1696 4220 dc
1713 4149 1877 4240 coniugio
1894 4153 2066 4240 dicemus,
2093 4158 2176 4249 qnia
2190 4155 2281 4225 usin.

226 4283 230 4293 ι
275 4297 446 4376 beneficia
467 4289 537 4361 Dci
561 4269 842 4355 considerarem
869 4275 1045 4347 celebrare
1067 4273 1262 4364 oportebat,
1312 4267 1389 4325 ium
1413 4267 1465 4324 eil
1492 4252 1568 4321 fieri
1598 4252 1815 4322 mentionem
1846 4253 1921 4322 eius
1944 4255 2038 4324 inter
2060 4256 2282 4327 Sacramenta.

278 4420 312 4482 et
327 4423 393 4494 pro
411 4395 461 4466 eis
480 4388 607 4481 gratias
623 4405 741 4473 agere,
767 4379 905 4472 quoties
926 4387 1127 4448 sanctorum
1149 4368 1262 4442 histo·
1313 4354 1387 4472 lite
1418 4348 1648 4468 dissensip³⁸)
1684 4366 1735 4423 est
1759 4353 1851 4438 ulla,
1890 4355 1976 4446 quid
1994 4357 2056 4426 sit
2082 4359 2282 4446 coniugium,

276 4508 349 4578 31„
363 4499 557 4570 “capannu-
572 4497 632 4558 nna
647 4485 854 4572 cogitantur,
1315 4467 1405 4526 sicut
1424 4466 1460 4522 et
1480 4453 1705 4524 mamsestum
1723 4467 1779 4524 est
1803 4456 1847 4524 de
1868 4449 1923 4524 his
1944 4457 2057 4526 tribus
2073 4460 2167 4533 vitae
2182 4456 2283 4548 gradi-

380 4595 555 4672 Secundo.
607 4582 699 4655 Tota
723 4580 931 4670 gubernatio
953 4573 1131 4646 Ecclesiae
1152 4575 1192 4642 in
1206 4569 1264 4642 hi·
1315 4553 1639 4669 b¹¹⁸=d0f⁰¹¹l¹¹gl⁰2
1659 4554 2282 4644 dedignitatcordinisEcclesinstici,

279 4703 402 4780 gloriis¹
412 4692 614 4768 sanctorum
629 4675 746 4753 mente
760 4681 954 4771 reputanda
970 4689 1030 4762 est,
1048 4689 1083 4745 et
1096 4674 1172 4745 Deo
1186 4697 1265 4763 gra.
1316 4670 1350 4725 ct
1365 4654 1594 4771 dedrgnitate
1616 4656 1778 4745 politicae
1794 4659 2060 4746 gubernationis
2081 4661 2120 4729 in
2136 4658 2281 4731 Ecclesiis

279 4812 349 4882 tine
366 4799 536 4892 agendae,
558 4787 655 4883 quod
669 4783 820 4854 subinde
837 4778 992 4848 restituit
1009 4799 1128 4844 vocem
1144 4773 1266 4844 Evan-
1316 4769 1445 4874 postus
1457 4755 1628 4842 singulari
1642 4755 1710 4826 Dei
1726 4759 1894 4829 beneficio
1912 4760 2109 4830 doctrinam
2128 4762 2282 4853 praeclare

208 4971 215 4978 ,
280 4908 380 5003 getii,
407 4915 441 4971 ct
452 4895 546 4968 alios
560 4903 665 4980 atque
678 4875 819 4973 alios’⁶)
834 4891 936 4948 vocat
951 4889 985 4946 et
999 4877 1191 4945 confirmat.
1316 4856 1525 4972 illustratam
1542 4869 1575 4924 ct
1590 4871 1812 4948 repurgatam
1829 4883 1918 4944 esse,
1943 4886 2033 4954 quae
2050 4876 2151 4934 antea
2169 4866 2205 4932 in
2226 4875 2282 4930 tra·

381 5000 518 5074 Tertio,
571 4985 727 5075 insignia
749 4979 906 5070 exempla
928 4977 1058 5066 gratiae
1074 4973 1142 5045 Dei
1163 4975 1202 5042 in
1218 4974 1267 5042 eis
1319 4957 1515 5026 drtronrbus
1538 4955 1749 5028 Pontificum
1773 4973 1808 5030 ct
1836 4963 2078 5034 deliramentis
2110 4957 2281 5034 monacho-

281 5105 567 5200 conspiciuutur,
593 5090 683 5160 sicut
692 5083 789 5157 Deus
803 5079 953 5152 remittit
969 5091 1106 5170 peccata
1120 5072 1268 5154 Arroni,
1318 5080 1399 5138 rum
1421 5057 1524 5124 valde
1539 5058 1721 5130 obscurata
1737 5074 1770 5130 ct
1786 5063 2024 5137 contaminata
2040 5067 2163 5140 suern,

1665 4010 1727 4085 De
1742 4007 1939 4112 Coniugio.

284 5300 506 5332 ‘³¹⁸‘
1354 5315 1399 5384 ⁸⁷)
1417 5316 1479 5370 Per.
1493 5315 1580 5370 addit:
1598 5354 1615 5387 „
1625 5323 1650 5369 et
1665 5315 1722 5387 ipae
1735 5317 1844 5372 faeiem

317 5440 361 5508 gg)
379 5437 451 5492 σιὼ,
463 5439 548 5498 „aqna
560 5425 645 5487 atior]
659 5419 722 5475 Per·
734 5415 844 5484 aliquos
857 5408 1026 5464 monetator.
1356 5397 1401 5468 88)
1419 5403 1563 5468 marcorio]
1582 5399 1644 5454 Per.
1663 5399 1796 5470 defensio.
