4722 5808
150 4875 154 4881 .
221 4857 392 4889 Μ

778 263 1211 346 nrlsronAttUM

300 449 405 524 Nunc
421 449 524 520 mitto
540 448 585 518 ed
603 467 665 516 vos
679 444 904 516 tabellarium
921 437 1193 534 propterMagi-

199 569 312 626 strum
326 545 679 626 Bartholomaeum‚
705 561 775 616 ate
790 569 932 640 quoque
951 543 1087 637 aliquid
1111 543 1193 613 lite·-

199 679 321 726 rarum
334 654 467 745 flagito.
516 649 607 720 Nam
623 675 643 719 3
662 645 806 718 Sabino
820 649 981 716 nondum
997 646 1193 739 quidquam

172 797 174 802 v
203 759 398 829 attulerunt
427 766 655 836 mercatores,
687 776 711 820 a
742 751 815 819 filia
838 751 982 819 brevem
1007 747 1194 840 epistolam

204 861 321 950 accepi
335 855 561 926 mediocriter
579 855 756 945 scriptam.

306 957 392 1029 Tibi
425 953 578 1050 Stigelii
612 979 754 1025 carmen
788 953 904 1026 mitto.
968 949 1194 1023 Conventum

211 1054 527 1134 Wormaticnsem
562 1058 708 1127 dissolvi
741 1053 914 1148 a11dio›*)‚
947 1069 981 1124 et
1014 1042 1194 1123 Carolum

195 283 273 362 808

205 1163 456 1256 Imperatorem
470 1174 589 1253 petere
603 1155 775 1240 thermas,
803 1151 972 1226 nonnihil
987 1177 1196 1226 succensen—
1286 1191 1294 1200 ·

103 1275 109 1282 “
204 1279 275 1336 tem
301 1265 449 1350 nostris,
481 1264 577 1357 quod
597 1252 715 1332 nolint
734 1260 959 1352 promittere,
991 1283 1028 1328 se
1049 1256 1195 1352 Synodo

205 1367 439 1460 permissuros
464 1386 536 1435 csse
558 1364 794 1454 cognitionem
820 1375 1022 1432 nostrarum
1052 1371 1197 1430 contro-

205 1469 409 1543 versiarum.
460 1466 661 1540 Benevale.

947 1559 1147 1656 Philippus.

209 1757 584 1774 W

208 1869 275 1944 No.
292 1871 405 1945 3254.

214 1965 386 1998 m

751 1873 799 1952 (h.
811 1896 837 1934 3.
851 1886 881 1935 31
892 1895 993 1949 mens,
1007 1887 1042 1935 ut
1055 1846 1214 1952 ridetur).

785 1968 1158 2004 ‘fs-f

558 2068 620 2151 M.
650 2068 853 2180 Helingo.

311 2205 395 2279 Epist.
411 2206 459 2262 lib.
477 2204 511 2264 V.
528 2225 555 2279 p.
574 2205 627 2262 884
638 2215 678 2278 sq.

451 2357 712 2438 ,Mauritio
737 2361 952 2458 Helioga.

211 2483 253 2573 S.
278 2499 323 2575 D.
373 2499 488 2568 Filius
508 2497 596 2584 Dei,
628 2497 806 2569 Dominus
836 2514 956 2570 noster
978 2497 1075 2568 lesus
1096 2493 1203 2570 Chri-

211 2617 303 2687 stus,
328 2600 392 2694 qui
406 2601 513 2672 dixit:
540 2599 654 2672 Sinite
670 2602 838 2693 parvulos
852 2604 897 2671 ad
912 2623 968 2670 me
983 2602 1123 2687 venire,
1141 2625 1204 2671 cu-

211 2705 341 2778 stodiat
363 2716 399 2773 et
420 2705 593 2793 gubernet
614 2726 739 2793 agmen
754 2717 874 2784 tuum,
909 2717 942 2773 et
962 2717 1042 2774 tuos
1062 2704 1204 2774 labores

213 2819 321 2897 regat.
371 2802 426 2875 Dc
441 2792 682 2900 Crucigero¹)
697 2806 762 2875 tibi
778 2805 923 2894 gratiam
943 2799 1076 2891 habeo,
1102 2806 1204 2875 cuius

215 2907 398 2999 ingenium
421 2907 493 2976 scio
514 2907 660 2977 cuilibet
682 2903 848 2978 honestae
872 2931 912 2976 ac
928 2929 1075 2998 magnae
1092 2903 1204 2978 Scho-

215 3012 271 3080 lae
294 3021 503 3080 ornamento
524 3031 598 3078 esse
621 3029 741 3099 posse,
781 3005 1024 3100 etprofutura
1046 3010 1204 3099 exempla

216 3113 415 3184 carminum
429 3111 541 3202 ipsius
557 3111 810 3180 adolescentiae
826 3133 939 3202 spero.
986 3109 1090 3181 Nunc
1106 3113 1150 3179 ad
1171 3125 1204 3181 te

216 3213 468 3306 proficiscitur,
492 3225 533 3282 ut
557 3213 601 3282 de
619 3212 732 3282 initiis
754 3211 918 3282 laborum
940 3235 1086 3282 suorum
1107 3227 1204 3282 tuam

217 3314 427 3386 sententiam
441 3313 572 3387 audiat.
610 3307 770 3401 Quaeso,
789 3326 829 3383 ut
844 3338 923 3383 eum
938 3327 1098 3384 amanter
1109 3337 1206 3384 com-

216 3418 379 3509 plectare.
431 3411 531 3482 Idem
552 3438 572 3482 3
596 3409 783 3482 Μιηεεὶἰο
806 3428 898 3504 peto.
958 3413 1002 3482 ln
1021 3410 1079 3484 his
1099 3415 1206 3486 tantis

216 3515 395 3588 aerumnis
426 3515 579 3607 publicis
605 3517 719 3586 bonae
745 3530 880 3586 mentes
904 3517 1116 3585 levationem
1142 3511 1206 3585 ha-

216 3623 303 3690 hent
324 3617 507 3703 dolorum,
532 3617 597 3688 uhi
619 3619 759 3702 vident,
790 3631 824 3686 et
846 3612 1012 3688 Scholam
1034 3619 1125 3687 bene
1148 3619 1206 3686 in-

217 3721 394 3804 stitutam,
414 3735 448 3790 et
464 3742 672 3814 consensum
688 3720 890 3788 docentium
909 3719 946 3786 in
962 3713 1091 3790 Schola
1111 3735 1144 3791 et
1167 3720 1206 3788 in

216 3819 387 3894 Ecclesia.
437 3817 507 3890 Hic
522 3834 640 3890 coetus
656 3835 692 3890 et
704 3815 789 3889 haec
808 3821 924 3890 studia
950 3820 1025 3889 sine
1046 3821 1121 3891 ulla
1138 3823 1206 3892 du·

215 3924 389 3994 bitatione
406 3919 483 3991 Deo
500 3947 603 3992 curae
621 3937 682 3995 est.
734 3919 854 4010 Quare
874 3936 908 3993 et
921 3917 1074 4012 hospitia
1088 3947 1206 3994 serva-

217 4039 338 4096 turum
367 4047 441 4092 esse
464 4024 551 4115 ipsis
573 4045 772 4117 speramus,
798 4035 848 4108 et,
880 4037 920 4094 ut
942 4039 1073 4110 servet,
1102 4039 1205 4096 orant

217 4125 383 4217 plurimi,
408 4127 547 4218 quoties
572 4150 636 4217 vos
658 4139 693 4195 et
717 4127 856 4214 agmina
874 4139 989 4196 vestra
1008 4127 1204 4200 intuentur.

216 4225 314 4296 Bene
331 4239 366 4296 et
381 4226 531 4296 feliciter
547 4227 645 4312 vale,
667 4239 701 4296 et
722 4227 886 4301 rescribe.
938 4221 1126 4298 Mencelio
1149 4251 1205 4298 sa-

92 4339 95 4346 '
217 4329 328 4399 lutern
345 4341 449 4420 opto,
468 4341 502 4399 31
517 4327 619 4424 vobis
632 4328 809 4398 omnibus.

721 4424 910 4522 Philippus
931 4425 1154 4504 Melanthon.

752 4635 959 4648 -ι--υ-ω-μ--ι-
967 4641 985 4648 -
992 4635 1207 4648 ...au-...0—

216 4761 282 4836 No.
298 4757 410 4833 8235.
1027 4767 1084 4850 (m.
1098 4767 1206 4848 lulio.)

1031 4861 1201 4890 *OM

586 4937 827 5052 Praffatio

1263 203 1468 343 cmix.
1522 259 1654 340 3313.
2071 263 2076 272 ·
2166 253 2244 330 sos

1347 432 1431 488 eloris
1444 429 1658 502 Witembergae
1676 445 1750 484 anuo
1768 426 1811 485 Μ.
1822 429 1860 483 D.
1874 425 1962 482 XLV.
1989 423 2136 496 (1311331)
2153 421 2241 482 Wes-

1345 502 1500 572 tembergae
1525 498 1660 570 impressit
1684 497 1812 570 losepbus
1836 497 1918 572 Klug.
1947 515 2020 554 anno
2044 484 2136 550 itt).
2153 491 2238 548 XLV.

1348 568 1395 638 (94
1410 572 1498 642 plagg.
1517 571 1544 623 8.
1554 569 1666 634 minor.)
1688 597 1719 608 -
1762 567 1895 634 (liabetur
1911 565 1955 620 hic
1968 565 2037 619 liber
2049 563 2077 616 ir
2091 563 2157 618 bibl.
2172 561 2240 644 Reg.

1345 637 1458 693 Goettin
1479 642 1501 701 .)
1519 669 1556 680 -
1591 637 1700 692 Nomen
1713 633 1900 693 Melantbonis
1937 631 2079 690 3331311331
2097 649 2155 698 333
2175 649 2241 700 qus·

1346 707 1406 761 dem
1427 657 1549 762 additum
1570 717 1625 773 est,
1645 702 1692 759 sed
1711 714 1820 758 testatus
1841 715 1881 759 est
1930 703 2017 774 ylius‚
2035 699 2242 754 1301333313-

1347 776 1389 846 gia
1411 775 1505 830 libror.
1524 773 1655 830 Melantb.
1675 773 1709 840 ad
1723 773 1751 826 b.
1771 791 1835 826 anu.
1869 770 2075 827 Melantbonern
2095 789 2153 824 eam
2167 767 2241 822 scri-

1350 845 1447 927 psisse,
1465 855 1492 898 et
1510 844 1588 898 133113
1608 843 1721 914 quisque
1739 841 1768 894 in
1790 809 2056 903 33111313311333333,
2079 836 2161 892 311313
2181 837 2242 890 3133

1349 914 1438 967 indice
1452 913 1586 977 nominis,
1605 921 1790 979 recognoscet.
1806 938 1840 948 -
1867 907 2011 963 Caeterum
2025 927 2056 958 ex
2071 905 2242 977 praefatione

1348 983 1404 1052 ipsa
1423 981 1586 1050 intelligitur
1604 979 1726 1034 libellum
1746 979 1891 1060 Augustini
1911 979 2012 1030 editum
2033 994 2089 1029 esse
2110 974 2139 1028 in
2160 992 2240 1026 usum

1348 1049 1561 1124 praelectionum
1574 1069 1588 1102 s
1602 1047 1639 1100 lo.
1654 1046 1829 1118 Bngenhsgro
1844 1045 2046 1112 habendarum,
2070 1061 2155 1115 quare
2173 1041 2241 1095 nibil

1348 1121 1471 1177 continet
1482 1127 1591 1190 praeter
1603 1126 1702 1170 textum
1715 1115 1871 1186 Augustini.

1495 1268 1693 1370 Praefatio
1718 1267 1773 1341 ad
1796 1265 1995 1342 hectorem.

1249 1403 1349 1500 Cum
1365 1421 1482 1496 omnis
1495 1425 1540 1492 de
1555 1421 1717 1492 doctrina
1740 1419 1881 1489 coelesti
1897 1413 2088 1509 disputatio
2103 1414 2243 1504 ingrata

1250 1532 1296 1602 sit
1311 1525 1518 1600 hominibus
1532 1517 1746 1618 prophanis,
1760 1545 1841 1612 sepe
1856 1543 1920 1590 vos
1936 1517 2088 1609 praefari
2102 1539 2244 1586 necesse

1250 1646 1322 1717 est,
1345 1653 1411 1700 nos
1428 1627 1632 1699 concionari
1651 1621 1829 1694 Ecclesiae
1851 1621 1910 1690 dei
1932 1646 1972 1690 33
1992 1619 2181 1710 praecipue
2203 1615 2245 1685 13

1249 1731 1306 1804 1313
1328 1727 1544 1802 scholasticis
1573 1723 1882 1798 lucubrationibus
1910 1721 2047 1814 alloqui
2076 1721 2247 1791 iuventu-

1250 1850 1322 1906 tem
1344 1859 1419 1904 non
1441 1831 1609 1922 impiam,
1634 1829 1696 1896 sed
1715 1826 1981 1916 amplectentem
2003 1819 2245 1910 Evangelium

1250 1935 1423 2008 divinitus
1443 1935 1635 2022 traditum,
1660 1943 1694 2000 et
1716 1927 1809 1997 veris
1832 1925 1943 1996 animi
1963 1921 2119 1994 motibus
2140 1921 2247 1990 invo-

1251 2053 1387 2110 cantem
1405 2038 1523 2110 d'eum.
1579 2031 1652 2103 Nec
1673 2031 1857 2100 defuturos
1881 2027 1986 2096 nobis
2005 2047 2079 2094 esse
2102 2023 2247 2093 audito-

1251 2164 1324 2221 res,
1358 2164 1424 2208 nec
1456 2137 1596 2208 labores
1625 2145 1764 2204 nostros
1794 2130 1914 2200 irritos
1942 2129 2017 2196 fore
2041 2125 2248 2210 metuimus,

1252 2267 1332 2314 cum
1355 2242 1441 2311 deus
1462 2238 1683 2332 promiserit,
1707 2258 1743 2303 se
1766 2254 1903 2323 semper
1925 2241 2065 2298 coetum
2086 2226 2246 2320 aliquem

1251 2345 1393 2437 piorum
1423 2355 1644 2410 servaturum
1672 2359 1760 2416 esse,
1810 2331 1873 2426 qui
1902 2329 2037 2400 celestis
2061 2327 2247 2398 doctrinae

1252 2447 1415 2516 custodes
1432 2457 1546 2515 eruut.
1597 2438 1717 2529 Quare
1741 2437 1897 2506 sinamus
1911 2427 2106 2524 Epicureos
2126 2455 2147 2498 3
2164 2427 2248 2522 qni-

1252 2547 1319 2618 bus
1334 2544 1585 2640 superbissime
1602 2539 1881 2626 contemnimur,
1895 2534 2011 2604 ridere
2023 2529 2247 2616 sardonium,

1253 2675 1318 2720 333
1332 2649 1534 2720 desinamus
1550 2640 1637 2713 haec
1651 2641 1767 2714 studia
1783 2637 1920 2722 colere,
1946 2647 1981 2705 et
1995 2657 2051 2704 res
2065 2629 2247 2704 Ecclesiae

1252 2751 1464 2822 necessarias
1503 2748 1693 2816 illustrare.
1758 2739 1865 2812 Hunc
1896 2749 2016 2808 autem
2048 2729 2249 2824 Augustini

1253 2849 1545 2924 commentarium
1560 2850 1640 2918 ideo
1658 2869 1754 2915 nunc
1769 2841 1918 2920 edimus,
1935 2838 2019 2932 quia
2032 2837 2147 2907 multo
2163 2849 2249 2906 ante

1253 2955 1483 3025 constitutum
1500 2965 1552 3022 est
1569 2949 1608 3017 13
1623 2944 1689 3018 hac
1697 2936 1907 3026 Academia,
1931 2953 1971 3010 31
1986 2939 2167 3009 interdurn
2184 2933 2248 3006 hic

1253 3058 1346 3127 liber
1363 3065 1584 3148 proponatur
1605 3074 1645 3118 ac
1670 3059 1873 3126 enarretur,
1895 3053 1936 3110 nt
1951 3039 2102 3112 studiosi
2124 3039 2250 3110 conie-

1254 3173 1335 3229 rant
1357 3170 1487 3227 aetates
1508 3167 1542 3223 31
1565 3151 1770 3243 scriptores,
1797 3159 1832 3216 31
1847 3141 2004 3237 quaesita
2027 3165 2099 3211 una
2114 3163 2248 3232 perpe-

1253 3275 1314 3331 tua
1337 3272 1371 3329 et
1392 3251 1564 3328 catholica
1585 3249 1762 3322 Ecclesiae
1787 3247 1844 3316 dei
1867 3242 2061 3328 sententia,
2100 3243 2250 3312 videant

1255 3363 1293 3430 in
1304 3357 1371 3429 hac
1387 3373 1507 3429 nostra
1518 3354 1675 3425 Ecclesia
1691 3375 1772 3421 vere
1786 3369 1930 3430 sonare,
1949 3343 2097 3415 retineri
2111 3358 2145 3414 et
2160 3365 2249 3434 pro-

1255 3463 1375 3554 pagari
1397 3461 1496 3528 illam
1521 3458 1663 3526 ciuicam
1684 3476 1810 3546 puram
1830 3459 2035 3540 perpetuam
2054 3469 2156 3516 verae
2174 3441 2251 3514 Ec·
2278 3453 2283 3461 “

1255 3565 1379 3635 3133133
1403 3562 1462 3630 dei
1482 3558 1711 3642 senteutiam,
1732 3577 1797 3622 nec
1811 3550 1988 3640 sculptum
2009 3541 2069 3615 hic
2089 3569 2162 3617 esse
2177 3569 2250 3615 no-

1254 3690 1339 3736 vum
1361 3663 1542 3734 doctrinae
1564 3681 1692 3751 genus,
1732 3655 1793 3726 sed
1819 3653 1885 3722 deo
1907 3659 2127 3719 monstrante
2148 3660 2250 3716 vete-

1255 3793 1330 3837 rem
1350 3767 1468 3836 lucem
1492 3785 1565 3832 esse
1586 3760 1784 3840 redditam,
1814 3753 1917 3847 pulsa
1937 3750 2099 3841 caligine.
2152 3745 2250 3820 Cum

1254 3883 1372 3940 autem
1394 3889 1477 3936 vera
1492 3861 1650 3936 Ecclesia
1673 3859 1839 3931 omnibus
1862 3851 2036 3926 aetatibus
2050 3851 2161 3948 333113
2179 3844 2251 3920 133-

1254 3973 1361 4042 stium
1382 3991 1510 4060 genera
1531 3962 1677 4048 habeat,
1702 3975 1737 4031 et
1761 3963 1806 4030 de
1823 3955 1946 4029 multis
1966 3952 2148 4024 doctrinae
2161 3975 2251 4042 par-

1255 4075 1351 4143 tibus
1371 4072 1466 4142 bella
1485 4082 1628 4140 externa
1646 4077 1681 4134 ct
1706 4060 1896 4132 domestica
1921 4067 2034 4146 gerat,
2059 4055 2249 4126 sciendum

1255 4187 1323 4259 est,
1350 4198 1425 4242 333
1448 4173 1524 4242 leve
1547 4181 1723 4239 certamen
1746 4185 1820 4233 esse
1841 4151 1934 4250 dc‘)
1959 4155 2109 4228 iusticia.
2173 4151 2249 4224 Hie

1255 4277 1349 4345 enim
1365 4271 1521 4346 humana
1543 4285 1577 4342 et
1590 4261 1836 4365 philosophica
1853 4259 1985 4332 iudicia
2002 4258 2169 4345 omnibus
2186 4278 2250 4324 ae-

1255 4379 1386 4448 tatibus
1401 4375 1635 4445 admiratione
1650 4368 1872 4460 disciplinae,
1896 4383 1987 4456 quae
2007 4373 2250 4430 3313333333-

1255 4501 1363 4568 gnum
1379 4479 1503 4558 decus,
1527 4484 1733 4543 execrantur
1751 4467 1902 4540 fulmina
1915 4463 1978 4532 illa
1992 4460 2133 4544 divina,
2153 4481 2250 4552 quae

1256 4575 1443 4649 hominum
1464 4576 1614 4645 virtutes
1636 4573 1789 4644 abiicere
1811 4583 1847 4638 et
1865 4567 1960 4656 leges
1978 4588 2019 4633 33
2034 4583 2164 4630 nervos
2177 4555 2250 4630 ho-

1255 4697 1435 4752 nestorum
1460 4676 1657 4747 officiorum
1678 4675 1770 4742 vitae
1791 4669 1933 4740 abolere
1958 4666 2136 4734 videntur.
2195 4659 2248 4732 Ut

1255 4784 1348 4852 filius
1369 4780 1515 4869 frugalis
1540 4780 1580 4848 in
1602 4775 1825 4846 enarratione
1846 4765 2060 4857 Evangelica
2081 4763 2247 4834 irascitur

1255 4885 1346 4976 patri
1370 4880 1554 4974 recipienti
1574 4882 1783 4950 redeuntem
1804 4877 1969 4952 fratrem,
1993 4867 2056 4961 qui
2071 4865 2247 4957 patrimo—

1253 4987 1354 5056 nium
1380 5009 1483 5054 suum
1507 4983 1657 5075 turpiter
1675 4979 1898 5072 profuderat:
1932 4971 1982 5042 ita
1997 4983 2031 5039 et
2045 4983 2133 5039 tunc
2148 4961 2246 5036 Pha-

283 5085 417 5140 Praelatio
431 5083 459 5138 in
473 5084 590 5138 librum:
609 5087 777 5158 „Augustini
791 5087 976 5159 llipponensis
989 5089 1113 5162 Episcopi
1131 5091 1202 5146 liber
1251 5089 1356 5159 risaei
1379 5085 1628 5158 succensebant
1640 5078 1802 5164 Christo,
1828 5091 1862 5150 ei
1883 5073 2051 5148 Omnibus
2070 5069 2244 5142 aetatibus

266 5195 271 5208 .
314 5156 348 5208 de
360 5155 455 5226 spiritu
467 5164 494 5206 31
506 5155 592 5210 111333.
629 5155 698 5209 Cum
711 5155 877 5228 praelatione
891 5171 916 5213 et
930 5159 1147 5230 praemonitione
1159 5161 1201 5214 le-

212 5278 418 5290 -n——a

245 5345 279 5418 ²¹)
297 5347 409 5402 Solutus
423 5361 462 5404 331
473 5351 499 5407 d.
511 5353 538 5406 ἲ.
553 5353 668 5426 Augusti
682 5355 759 5409 1545.

244 5435 271 5500 1)
290 5433 372 5488 Filio.

1257 5303 1462 5318 -n———ffl

1284 5436 1315 5500 *t
1331 5440 1366 5488 3.
1380 5434 1487 5506 saeta,
1506 5431 1578 5502 quoa
1592 5432 1648 5485 3..
1662 5412 1862 5484 3133333333.
