4722 5808
211 249 286 330 ms
485 237 488 244 ’
785 222 1225 304 amsroaanun
1275 223 1384 304 otu.
1415 224 1480 304 uc
1533 205 1667 304 asts.
2177 233 2250 314 704

211 418 411 518 Prophetae
441 406 731 490 incontaminati,
763 404 888 489 nitidi,
921 415 1013 472 recte
1040 400 1206 472 enarrati.
1252 401 1393 472 cordiae
1412 395 1707 493 reprehendenda
1725 404 1921 496 pertinacia
1945 421 1997 479 est
2020 407 2249 482 inimicorum

211 527 292 602 Etsi
309 538 427 597 autem
441 509 640 607 Prophetae
656 512 700 579 de
717 509 822 578 rebus
838 505 1042 577 necessariis
1057 527 1207 574 consen·
1250 499 1455 593 Evangelii,
1481 517 1515 574 et
1531 505 1608 574 sine
1625 507 1729 598 culpa
1745 521 1829 580 sunt
1847 523 1941 580 recte
1958 514 2135 584 docentes.

212 635 360 705 tientem
393 619 590 694 doctrinam
624 623 848 704 proponunt,
884 624 918 680 et
948 608 1089 698 legendi
1124 619 1208 678 sunt
1353 604 1401 676 Ut
1415 621 1531 676 autem
1548 631 1663 678 senno
1679 605 1877 701 Prophetae
1895 612 2047 705 intelligi
2064 615 2196 708 possit,
2218 630 2251 688 et
2337 602 2338 688 i

213 755 354 814 omnes,
371 744 488 799 tamen
503 715 587 789 huic
604 715 754 808 tempori
770 712 903 782 Hoseas
918 711 1107 800 imaginem
1123 733 1207 800 pro·
1252 707 1289 775 in
1316 721 1414 778 tanta
1431 709 1603 779 brevitate
1624 711 1774 782 varietas
1790 737 1909 784 rerum
1928 718 2038 807 magis
2052 718 2251 810 conspicia-
2337 689 2338 774 i

212 838 315 932 ponit
336 831 437 900 valde
466 832 726 910 congruentem.
786 813 985 906 Utrumque
1008 812 1102 882 enim
1125 812 1208 903 pin·
1253 823 1327 894 tur,
1363 811 1460 880 edidi
1491 813 1751 882 enarrationem
1781 811 1986 887 Reverendi
2018 817 2065 893 D.
2095 819 2249 890 Martini

213 942 281 1032 git,
307 953 497 1024 regnorum
521 923 706 994 interitum
730 931 763 987 et
784 913 1026 986 Ecclesiastico
1049 915 1207 992 dissidia,
1251 905 1431 998 liutheri,
1453 912 1568 984 Patris
1591 928 1625 984 et
1647 919 1882 1007 praeceptoris
1906 921 1994 1006 mei,
2020 923 2250 1014 verapietate

213 1059 248 1114 et
269 1059 389 1110 causas
417 1036 687 1102 commemorat,
724 1019 870 1088 Interim
894 1031 1011 1088 tamen
1027 1020 1146 1100 docet,
1172 1029 1207 1085 ct
1252 1015 1408 1100 colendi,
1434 1017 1591 1106 primum
1605 1016 1644 1086 in
1660 1018 1801 1108 publica
1816 1022 2052 1111 praelectione
2066 1025 2250 1110 traditam,

214 1166 302 1238 quae
327 1139 374 1208 sit
396 1131 554 1206 Ecclesia
578 1127 657 1210 dei,
691 1137 725 1192 et
747 1124 926 1216 quoniodo
954 1121 1127 1189 servanda
1151 1117 1208 1203 sit,
1252 1130 1287 1186 et
1319 1118 1447 1186 aviris
1470 1119 1600 1204 doctis,
1634 1117 1788 1212 Casparo
1814 1114 2013 1218 Crucigero
2035 1140 2070 1196 et
2091 1125 2249 1215 Georgia

213 1243 324 1339 etqui
341 1240 414 1310 sint
427 1235 502 1304 veri
519 1231 634 1301 cultus
651 1227 719 1299 dei.
1250 1211 1439 1304 Rorart'u,
1465 1243 1504 1290 ac
1519 1245 1539 1290 a
1556 1245 1610 1290 me
1627 1223 1828 1309 collectam,
1843 1250 1934 1319 quae
1949 1242 2136 1322 postquam
2155 1254 2175 1298 a
2193 1254 2248 1298 me
2338 1209 2339 1262 ³

218 1430 227 1436 α
312 1342 380 1414 His
393 1330 737 1433 praemonitionibus
754 1341 787 1397 et
798 1323 1100 1396 consolationibus
1115 1334 1206 1392 certe
1251 1323 1377 1390 ordine
1407 1322 1536 1414 scripta
1558 1337 1626 1408 est,
1656 1337 1729 1394 tota
1750 1325 1795 1394 ab
1812 1327 1948 1400 Autore
1971 1330 2049 1421 ipso
2067 1331 2247 1421 recognita

213 1447 281 1520 hoc
308 1463 466 1534 tempore
488 1438 590 1508 valde
613 1456 702 1524 opus
728 1445 797 1514 est,
832 1453 912 1498 cum
936 1441 970 1499 et
993 1425 1207 1496 vastationes
1252 1437 1314 1497 est.
1366 1423 1485 1513 Quare
1511 1425 1623 1496 sciant
1642 1427 1808 1513 lectores,
1835 1423 1930 1500 hunc
1956 1434 2249 1506 commentarium

213 1575 359 1642 magnae
376 1563 567 1634 regnorum
588 1548 672 1606 sunt
693 1535 730 1601 in
750 1543 957 1624 conspectu,
982 1541 1016 1598 et
1031 1551 1205 1622 quaeren-
1250 1517 1406 1625 γνήσιον
1432 1523 1636 1598 Reverendi
1656 1525 1701 1602 D.
1719 1527 1869 1600 Martini
1884 1529 2035 1605 Lutheri
2050 1559 2142 1628 opus
2165 1559 2250 1620 esse,

214 1659 299 1728 dum
323 1652 386 1735 sit,
408 1671 453 1716 an
476 1642 531 1712 illi
550 1639 621 1710 sint
635 1632 793 1706 Ecclesia
813 1633 889 1718 dei,
925 1633 987 1726 qui
1010 1655 1089 1700 cum
1110 1625 1207 1698 hunc
1252 1629 1515 1722 quodquidam
1538 1654 1613 1698 non
1630 1631 1756 1700 dubito
1780 1635 1928 1705 eruditis
1943 1650 1978 1707 et
1994 1637 2062 1729 piis
2078 1638 2249 1708 omnihus
2339 1659 2340 1686 t

214 1757 359 1830 titulum
383 1749 453 1820 sibi
476 1754 658 1832 arrogent,
689 1752 807 1808 tamen
832 1734 1068 1824 Evangelium
1091 1731 1207 1800 mani·
1252 1731 1489 1821 gratissimum
1513 1732 1600 1806 fore.
1653 1732 1789 1804 Multae
1806 1751 1890 1807 sunt
1911 1739 2006 1808 enim
2022 1740 2061 1808 in
2074 1733 2251 1810 hocPro-

214 1863 299 1932 leste
314 1861 531 1948 oppugnant,
551 1859 584 1915 et
598 1843 714 1936 palam
732 1837 918 1909 stabiliunt
934 1837 1114 1907 idolorum
1131 1835 1208 1904 cul·
1252 1829 1356 1925 pheta
1372 1833 1560 1904 conciones
1578 1836 1701 1904 breves
1725 1850 1760 1906 et
1775 1851 1973 1922 truncatae,
2001 1843 2132 1912 multae
2157 1842 2250 1932 ligu-

215 1978 291 2046 tus,
316 1972 350 2027 et
367 1957 512 2043 insuper
526 1949 663 2018 addunt
680 1941 869 2034 parricidia
891 1936 1078 2010 hominum
1100 1937 1207 2004 inno·
1251 1960 1312 2005 rae
1334 1959 1373 2004 ac
1398 1931 1542 2026 phrases
1563 1960 1707 2028 prorsus
1731 1939 1866 2009 alienae
1889 1965 1908 2012 a
1932 1943 2043 2012 latino
2069 1957 2104 2012 et
2125 1957 2248 2014 nostro

127 2097 132 2112 =
215 2078 479 2151 centum,qu0s
494 2065 632 2122 tanturn
646 2058 791 2142 propter
805 2067 908 2113 verae
925 2041 1107 2112 doctrinae
1122 2063 1208 2108 con·
1253 2061 1423 2110 sermone.
1482 2035 1531 2108 Et
1553 2040 1623 2108 luci
1647 2041 1753 2110 multi
1775 2057 1874 2126 suut,
1905 2045 1967 2138 qui
1989 2069 2044 2114 res
2064 2047 2250 2116 continent

214 2165 402 2238 sessionem
423 2153 654 2226 interficiunt.
714 2145 764 2216 Hi
785 2146 932 2216 audiant
954 2145 1093 2213 fulmen
1115 2140 1208 2210 divi·
1253 2143 1297 2210 de
1322 2141 1546 2210 invocatione
1569 2140 1654 2227 Dei,
1679 2145 1722 2212 de
1744 2145 1984 2216 consolatione
2007 2147 2150 2238 piorum
2175 2171 2249 2218 non
2340 2127 2341 2150 ¹

215 2293 282 2340 nae
297 2265 394 2336 vocis
409 2261 448 2329 in
464 2256 570 2327 huius
588 2246 780 2344 prophetae
796 2247 1045 2320 concionibus:
1073 2243 1207 2338 quiatu
1254 2243 1447 2313 intellectas
1476 2243 1546 2311 nisi
1579 2244 1703 2335 peritis
1727 2247 1917 2323 mentibus.
1977 2246 2061 2319 Ideo
2085 2273 2178 2340 opus
2201 2263 2251 2320 est

217 2368 401 2443 scientiam
430 2357 615 2452 repulisti,
649 2353 819 2445 repellam
854 2363 909 2436 te,
942 2373 988 2419 ne
1014 2345 1208 2418 sacerdotio
1254 2346 1444 2436 interprete
1461 2345 1600 2417 erudito
1617 2350 1801 2418 etdextro.
1853 2347 1907 2419 Ac
1922 2351 2073 2420 subinde
2089 2353 2251 2422 accendit

216 2470 375 2562 iungaris
390 2460 500 2547 mihi,
526 2475 561 2532 et
582 2458 665 2552 quia
684 2455 794 2526 oblita
818 2475 853 2522 es
871 2453 957 2543 legis
972 2450 1030 2521 dei
1046 2449 1118 2533 tui,
1144 2449 1209 2517 ob-
1254 2451 1341 2518 dens
1362 2449 1498 2517 donum
1521 2448 1825 2541 interpretationis
1848 2451 1887 2520 in
1907 2450 2084 2537 Ecclesia,
2109 2467 2153 2524 ut
2170 2478 2250 2524 rur-

217 2577 359 2648 liviscar
389 2569 544 2638 liliorum
578 2577 721 2632 tuorum
757 2569 791 2626 et
824 2579 898 2645 ego.
964 2551 1210 2622 Denunciatur
1255 2573 1313 2620 sus
1328 2549 1398 2639 legi
1415 2563 1450 2619 et
1466 2550 1618 2641 intelligi
1634 2547 1840 2644 prophetica
1857 2569 1892 2626 et
1908 2556 2100 2646 apostolica
2119 2557 2248 2648 scripta

216 2700 331 2774 poena
345 2671 507 2744 omnium
525 2662 723 2736 tristissima
739 2658 962 2740 doctoribus,
989 2655 1052 2748 qui
1075 2655 1209 2723 abiecta
1255 2651 1400 2746 possint.
1452 2649 1543 2722 Cum
1558 2655 1682 2724 autem'
1692 2677 1747 2724 res
1761 2656 1838 2746 ipsa
1850 2656 2035 2749 loquatur,
2061 2659 2251 2728 dexterita-

216 2784 293 2872 lege
317 2777 376 2847 dei
398 2773 564 2842 audacter
588 2787 667 2834 suas
682 2763 849 2855 quasdam
867 2759 1054 2850 opiniones
1069 2757 1112 2825 de
1131 2758 1212 2839 deo,
1255 2769 1326 2828 tem
1344 2755 1507 2824 eximiam
1525 2779 1596 2825 esse
1612 2753 1656 2826 D.
1671 2749 1835 2826 Luthers'
1850 2758 1888 2828 iu
1903 2761 2123 2845 enarrando,
2143 2774 2179 2830 et
2194 2761 2250 2832 lu-

218 2899 253 2956 et
268 2905 330 2952 sua
344 2875 494 2948 numina
509 2873 667 2960 fingunt,
691 2879 732 2935 ut
746 2865 923 2932 finxerunt
939 2856 1106 2930 Thebani
1122 2857 1212 2928 Bac·
1257 2871 1332 2928 ceat
1349 2857 1388 2926 in
1403 2881 1443 2928 eo
1460 2858 1592 2928 donum
1610 2859 1929 2951 interpretationis,
1955 2886 2027 2955 quo
2043 2863 2177 2933 multos
2194 2887 2250 2934 ar-

219 2981 347 3069 chum,
374 2973 484 3049 Attici
502 2971 686 3054 Cererem,
711 2960 845 3059 Delphi
868 2959 1071 3047 Phoebum,
1096 2956 1213 3054 Phry·
1257 2961 1386 3032 ticulos
1417 2960 1598 3030 doctrinae
1620 2958 1809 3051 Evangelii
1835 2977 1938 3034 antea
1960 2987 2050 3055 pene
2079 2965 2250 3036 extinctos

219 3111 279 3180 ges
293 3081 469 3180 Cybelen,
489 3073 655 3170 Aegyptii
675 3071 802 3140 bovem
818 3062 933 3158 Apin,
959 3065 1112 3158 denique
1129 3063 1212 3132 nul·
1257 3062 1462 3147 renovavit,
1487 3075 1522 3132 et
1544 3057 1808 3154 Prophetarum
1832 3088 1871 3134 ac
1890 3059 2146 3157 Apostolorum
2168 3091 2251 3138 con·
2342 3077 2343 3126 t

219 3193 277 3262 lus
298 3187 379 3256 finis
399 3183 469 3252 fuit
493 3193 554 3248 aut
577 3191 627 3248 est
651 3186 712 3243 aut
737 3171 804 3239 erit
821 3169 977 3258 fingendi
996 3166 1213 3256 corruptelas
1258 3167 1377 3236 ciones
1392 3165 1496 3234 nobis
1511 3166 1690 3256 patefecit,
1716 3167 1904 3255 diligenter
1922 3168 1997 3238 eius
2011 3171 2252 3240 enarrationes
2342 3129 2343 3180 t

220 3315 324 3362 verae
346 3281 581 3356 invocationis
603 3277 677 3361 dei,
704 3276 816 3343 donec
837 3271 930 3342 filius
948 3269 1016 3338 Dei
1039 3269 1156 3360 palam
1177 3290 1213 3336 se
1258 3269 1472 3356 colligendas
1498 3269 1592 3336 etad
1613 3269 1853 3360 posteritatem
1871 3272 2162 3342 transmittendas
2183 3295 2253 3342 esse

222 3393 385 3465 ostendet
400 3386 566 3456 universo
582 3376 738 3450 humano
754 3374 875 3464 generi
889 3371 1103 3442 resuscitatis
1119 3394 1214 3438 mor·
1260 3383 1386 3441 statne.
1446 3367 1528 3438 Non
1551 3383 1818 3440 contemnamus
1833 3373 1969 3442 donum
1992 3373 2070 3456 dei,
2095 3397 2163 3443 nec
2178 3376 2251 3444 exi-

222 3496 304 3570 tuis.
364 3489 413 3563 Ut
432 3500 549 3557 autem
575 3480 672 3552 Deus
693 3502 779 3546 voce
801 3489 835 3546 et
865 3474 1061 3544 ministerio
1079 3471 1215 3540 Hoscae
1260 3473 1441 3541 stimemus
1475 3466 1639 3541 homines
1668 3485 1891 3563 arrogantes,
1927 3474 1990 3567 qui
2021 3469 2089 3544 hoc
2117 3477 2252 3546 donum

223 3615 309 3672 tunc
339 3593 478 3666 taxabat
502 3583 778 3657 sacrificulorum
806 3578 961 3656 furores,
994 3601 1058 3646 nec
1081 3565 1216 3644 Hoseas
1261 3586 1509 3654 contemnunt,
1544 3574 1740 3667 quamlibet
1769 3575 1989 3666 ingeniosos,
2025 3577 2143 3648 statim
2167 3579 2253 3648 tales

226 3701 357 3772 iniuste
371 3695 539 3775 faciebat,
556 3688 652 3782 qnod
669 3710 687 3752 a
703 3681 1003 3772 gubernatoribus
1020 3693 1052 3748 et
1071 3678 1217 3748 ordina·
1262 3678 1472 3767 interpretes
1493 3677 1580 3750 fore.
1629 3673 1813 3748 Insulsitas
1837 3691 1906 3763 est,
1938 3679 2131 3750 attribuere
2156 3695 2257 3772 potc-

225 3805 278 3875 ria
294 3809 480 3894 potestate,
501 3806 540 3862 ut
557 3813 653 3860 nnnc
669 3788 867 3878 loquuntur
883 3778 1065 3864 homines,
1081 3780 1218 3850 dissen-
1263 3793 1387 3850 statem
1404 3777 1661 3870 interpretandi
1675 3777 1906 3850 Pontificibus
1923 3794 2068 3873 propter
2082 3781 2202 3852 locum
2218 3807 2256 3852 ac

227 3907 354 3988 tiebat,
375 3899 427 3970 lta
442 3893 511 3966 hoc
526 3908 685 3984 tempore
702 3912 781 3957 cum
798 3911 882 3955 voce
891 3882 1078 3974 Evangelii
1096 3897 1218 3953 taxan-
1263 3881 1427 3964 titulum,
1453 3905 1532 3950 cum
1548 3881 1732 3953 manifeste
1747 3882 1843 3952 dicat
1859 3881 2008 3952 Paulus:
2035 3880 2194 3978 ψυχικὸς
2215 3879 2255 3956 δὲ

227 4024 287 4081 tur
307 4007 394 4074 falsa
416 3998 565 4070 numina
588 4009 622 4065 et
647 4014 774 4084 pravae
797 3989 1054 4070 invocationes,
1088 4009 1220 4064 veram,
1265 3983 1468 4074 ἅνθρωπος
1482 3979 1527 4054 οὐ
1542 3978 1685 4074 δέχεται
1698 3979 1745 4054 τὰ
1758 3988 1827 4056 τοῦ
1841 3977 2051 4077 πνεύματος
2065 3989 2135 4056 τοῦ
2150 3986 2256 4068 θεοῦ,

228 4099 660 4190 instam,etnecessariam
677 4089 1222 4163 habemnscausamdissentien-·
1264 4080 1390 4179 μωρία
1406 4079 1481 4183 γὰρ
1497 4081 1601 4180 αὐτῷ
1619 4084 1696 4156 ἐστι
1712 4100 1777 4156 etc.
1829 4083 1975 4158 Donum
1990 4087 2049 4156 dei
2064 4101 2133 4172 est,
2160 4090 2254 4182 quod

230 4214 268 4284 di
282 4212 327 4280 ab
344 4208 400 4290 iis,
415 4204 477 4298 qui
491 4209 729 4289 cumregnant
742 4191 959 4277 inEcclesia,
973 4206 1090 4262 tamen
1101 4191 1220 4258 decre·
1265 4187 1421 4279 Spiritus
1433 4201 1572 4258 sanctus
1589 4187 1627 4255 in
1644 4189 1712 4280 piis
1726 4188 1923 4275 mentibus,
1938 4213 2028 4283 quae
2045 4202 2167 4259 tamen
2184 4203 2256 4260 stu-

230 4330 266 4386 ta
280 4309 449 4402 sanguine
466 4305 643 4385 scribunt,
668 4313 702 4368 et
718 4297 898 4366 saevitiam
923 4296 1076 4363 alienam
1091 4293 1135 4362 ab
1150 4287 1221 4361 Ec·
1266 4289 1324 4360 dia
1340 4290 1481 4374 colunt,
1505 4289 1676 4363 accendit.
1728 4288 1800 4362 Sed
1813 4285 1976 4360 homines
1991 4291 2147 4384 politici,
2173 4307 2214 4364 ut
2228 4293 2257 4361 si

232 4415 336 4487 clesia
370 4421 546 4490 exercent,
595 4417 636 4472 ut
659 4423 795 4470 errores
828 4412 860 4468 et
890 4399 986 4466 idola
1017 4393 1220 4466 defendant.
1265 4395 1309 4462 de
1323 4393 1440 4482 legum
1454 4387 1693 4464 humanarum
1708 4392 2001 4485 interpretatione
2016 4394 2260 4487 loquerentur,

234 4515 325 4588 Cum
350 4514 457 4601 igitur
479 4505 576 4579 hunc
596 4498 803 4596 prophetam
820 4501 979 4591 legimus,
1009 4522 1089 4598 cum
1110 4497 1221 4588 ipsius
1266 4496 1465 4572 somniant,
1500 4507 1706 4585 potestatem
1733 4519 1806 4564 esse
1831 4509 1925 4566 certo
1943 4496 2048 4566 titulo
2070 4496 2260 4586 alligatam,

235 4642 301 4690 nos
326 4614 502 4703 exemplo,
524 4625 600 4680 tum
624 4618 838 4676 caeterorum
862 4597 1116 4695 prophetarum
1136 4623 1221 4669 con·
1266 4596 1491 4688 interpretari
1515 4596 1609 4668 dicta
1638 4597 1817 4680 coelestia,
1859 4621 2005 4692 eamque
2033 4621 2181 4688 prorsus
2211 4599 2260 4668 sic

237 4719 364 4794 stantia
379 4715 620 4794 consolemur,
636 4731 701 4777 nec
718 4708 922 4795 frangamur
940 4703 1224 4774 adversariorum
1267 4711 1438 4784 exercent,
1452 4697 1537 4768 utin
1549 4699 1890 4790 proverbiodicitur:
1907 4701 2003 4770 clave
2020 4699 2117 4788 ligna
2131 4714 2260 4784 secant,

236 4813 776 4914 arrogantia,quivocifera-ntur,
790 4807 980 4876 sediciosos
995 4829 1068 4876 esse
1083 4819 1115 4874 et
1125 4805 1222 4872 vfaces
1267 4800 1382 4871 securi
1398 4815 1514 4871 autem
1530 4801 1624 4870 fores
1640 4802 1814 4893 aperiunt.
1864 4799 2070 4892 Excerpunt
2089 4801 2205 4882 dicta,
2230 4817 2261 4872 et

236 4923 494 5000 discordiarum
511 4916 589 5007 pios
609 4915 790 4992 doctores,
816 4910 879 5000 qui
900 4907 1087 4978 ministerii
1101 4904 1224 4977 Evan-
1268 4904 1453 4992 adfingunt
1480 4903 1787 4994 interpretationes
1817 4905 1861 4974 ad
1898 4904 2128 4974 stabiliendas
2159 4905 2261 4974 falsas

237 5028 340 5122 gelici
362 5021 550 5096 autoritate
567 5029 688 5084 taxant
709 5035 854 5083 errores.
904 5009 1223 5101 Nonagimusno-
1268 5005 1470 5098 opiniones:
1515 5005 1564 5074 ita
1589 5005 1740 5076 securim
1770 5007 1955 5098 proferunt
1986 5007 2030 5075 ad
2059 5007 2153 5074 sores
2182 5031 2260 5098 ape-

236 5148 345 5205 stram
369 5148 525 5205 causam,
548 5119 610 5188 sed
633 5116 774 5185 divinae
798 5112 894 5183 vocis
917 5111 1225 5196 minimissimus,
1269 5108 1421 5179 riendas.
1473 5103 1611 5176 Deinde
1636 5133 1717 5178 cum
1741 5111 1938 5178 enarranda
1968 5121 2019 5178 est
2042 5131 2123 5198 pars
2146 5109 2260 5202 aliqua

237 5261 317 5319 seu,
340 5243 381 5302 ut
401 5225 559 5318 Baptista
580 5219 717 5313 inquit,
748 5239 870 5288 sumus
891 5239 958 5284 vox
982 5214 1164 5284 clamitans
1187 5213 1226 5282 in
1270 5209 1451 5280 doctrinae
1468 5209 1566 5293 fidei,
1589 5205 1682 5280 nihil
1697 5211 1874 5282 dexterius
1889 5211 2084 5302 explicant,
2110 5209 2260 5304 quamsi

238 5341 396 5412 deserto,
429 5340 549 5420 parate
577 5323 670 5392 viam
693 5316 853 5392 Domini.
911 5313 1064 5387 Credere
1094 5318 1159 5385 deo
1193 5329 1228 5385 et
1272 5313 1368 5384 clave
1390 5312 1486 5402 ligna
1503 5311 1636 5382 findere
1655 5325 1838 5386 conentur.
1889 5311 1962 5382 Nec
1983 5325 2124 5382 tantum
2138 5309 2260 5382 Ponti-

235 5436 376 5513 veritati
397 5428 579 5511 homines,
603 5427 736 5496 iustum
761 5433 824 5492 est.
882 5417 1003 5508 Quare
1028 5441 1128 5486 causa
1152 5417 1225 5486 dis·
1274 5415 1378 5484 ficum
1403 5413 1603 5506 arrogantia
1627 5427 1780 5500 taxetur,
1806 5416 1867 5486 sed
1885 5413 1991 5486 etiam
2006 5414 2260 5486 caeteristulti-

1130 5707 1242 5770 A
