4704 5804
99 223 169 304 sss
351 339 353 342 Ι
669 213 1102 339 ιιιιετοιιιιυιι
1161 209 1548 300 uta.u.1ass.
1940 255 1943 260 ι
2057 217 2152 294 sss·

96 397 162 468 bns
186 407 220 468 et
240 394 335 468 ritae
354 391 591 469 animantium
610 399 804 484 condocet,
844 395 894 470 sie
917 397 1087 490 imperio·
1109 417 1112 426 ·
1138 393 1331 486 cupiditate
1354 391 1409 464 tui
1430 391 1596 478 videndi,
1627 403 1680 478 et,
1712 403 1885 488 quantum
1914 392 2132 482 conceditur,

95 521 175 570 rum
205 497 358 590 impetus
383 500 625 571 moderatione
638 500 859 596 aliquorum
889 501 1088 592 sapientum
1137 497 1319 570 audiendi.
1369 492 1471 584 legit
1496 493 1583 564 olim
1606 518 1770 568 accensos
1788 519 1909 566 amore
1927 491 2056 567 harum
2071 520 2132 568 ar·

95 600 139 672 sd
153 599 344 670 utilitatem
360 620 582 672 communem
600 597 744 698 ilecti²).
785 596 839 672 Ac
852 625 917 672 nos
933 603 1089 696 quidem,
1138 599 1230 668 tium
1246 622 1286 668 es
1300 593 1448 668 Graecia
1464 596 1502 665 in
1518 592 1717 690 Aegyptum
1736 598 1918 686 navigasse
1929 593 2131 684 Eudoxum,

95 699 158 796 qni
174 701 304 772 scitum
319 695 513 772 Ecclesiam
534 703 610 773 lore
632 705 881 798 sempiternam
904 703 1088 796 defatigari
1137 697 1342 786 Platonem,
1382 693 1612 790 Euripidem,
1653 712 1705 786 et,
1745 712 1787 770 ut
1824 697 1926 770 Plato
1969 701 2131 784 ailicmat,

94 803 134 872 in
150 801 345 874 excitandis
361 803 488 876 studiis
502 827 577 874 non
592 805 700 876 decet.
742 803 1004 886 Movebuntur,
1031 805 1090 873 in·
1138 802 1244 872 etiam
1269 799 1462 874 Socratem.
1517 796 1585 870 iiis
1608 801 1776 892 exemplis
1802 814 1836 870 et
1865 801 1940 894 ipse
1967 816 2132 872 movetur

93 902 173 998 quit
190 899 386 996 Propheta,
411 905 549 976 coelum
566 920 730 992 et‘terra,
755 920 789 978 et
807 903 904 976 Deus
927 908 994 976 erit
1011 927 1090 997 spes
1139 903 1344 996 praesertim
1367 916 1406 974 ut
1428 898 1603 987 initalia,
1632 925 1722 996 quae
1746 901 1868 973 multis
1890 901 1961 972 iam
1983 902 2132 972 saecadis

93 1005 303 1098 popolisui.
353 1003 492 1094 Quare,
519 1009 614 1101 qnod
629 1008 734 1094 lacis,
760 1029 864 1099 perge
878 1008 1001 1078 iuvare
1015 1023 1090 1079 stu·
1138 1004 1213 1074 sola
1246 1017 1297 1076 est
1327 1005 1518 1097 sapientiae
1550 1018 1587 1076 ct
1618 1004 1862 1074 doctrinarum
1896 1003 2131 1086 domicilium,

93 1105 216 1178 diosus
229 1106 325 1176 bona
338 1131 420 1177 cnm
434 1129 505 1200 spe,
531 1131 596 1179 nec
609 1109 783 1200 frangaris
799 1110 918 1180 animo
933 1109 990 1179 vel
1006 1133 1090 1202 pro·
1138 1104 1359 1176 doctissimos
1381 1101 1545 1175 homines
1565 1105 1685 1192 adeat,
1724 1119 1902 1176 eteorum
1928 1106 2132 1178 eruditione

92 1219 175 1302 pter
195 1206 321 1304 iniqua
343 1207 475 1304 civium
497 1209 629 1280 indicia
650 1211 706 1280 vel
720 1223 864 1303 propter
878 1234 1000 1304 regum
1016 1227 1090 1282 tra·
1139 1209 1327 1282 excolatur.
1364 1205 1466 1278 Hanc
1480 1208 1589 1298 igitur
1603 1208 1821 1278 voluntatem
1836 1207 2039 1277 nonsolum
2056 1229 2130 1277 non

94 1308 252 1399 gocdias.
301 1305 466 1380 Servabit
481 1305 578 1382 Deus
597 1312 691 1382 inter
708 1307 904 1385 hosmotns
922 1311 1090 1406 reliquias
1138 1309 1463 1398 langueiaciendam
1491 1309 1634 1402 putavi,
1675 1311 1736 1379 sed
1761 1307 2131 1402 potissimumum

93 1431 196 1496 snas,
228 1423 279 1495 et,
314 1423 355 1480 nt
382 1426 417 1484 te
449 1423 485 1482 et
509 1413 764 1504 rempublicam
788 1428 939 1485 vestram
966 1427 1090 1499 servet,
1139 1408 1261 1503 tuque
1282 1435 1361 1481 cum
1382 1424 1416 1481 te
1438 1425 1554 1482 nosset
1568 1435 1609 1480 ex
1625 1409 1864 1482 monumentis
1877 1410 1948 1480 tuis
1963 1409 2131 1481 cruditis·

93 1524 169 1582 toto
193 1525 336 1602 pectore
359 1535 441 1582 eum
461 1536 537 1588 oro.
584 1512 659 1584 Nos
682 1517 769 1585 dum
792 1515 876 1587 licet
899 1510 964 1585 has
987 1509 1090 1586 scho-
1138 1512 1252 1598 simis,
1288 1513 1399 1584 miella
1423 1527 1457 1584 et
1479 1535 1582 1606 saepe
1606 1513 1651 1583 de
1675 1514 1746 1584 tuis
1767 1512 2034 1604 sapientissimis
2057 1533 2130 1582 ser·

91 1611 235 1682 iasticas
259 1635 384 1705 operas
406 1611 483 1684 Deo
508 1615 652 1686 iuvante
676 1617 862 1698 iaciemus,
902 1617 969 1688 etsi
999 1640 1089 1709 pene
1137 1615 1305 1684 monibus
1325 1618 1438 1707 deque
1459 1609 1678 1686 humanitate
1705 1628 1763 1686 tua
1787 1615 1905 1705 digna‘
1915 1607 2130 1706 philosopho

93 1732 287 1784 consumor
302 1709 481 1810 dolore')‚
512 1739 595 1788 cum
614 1741 689 1788 non
710 1717 826 1790 solum
845 1742 935 1812 quae
951 1717 1090 1810 impen-
1137 1716 1291 1784 narravi.
1350 1714 1456 1786 Venit
1482 1717 1592 1806 igitur
1615 1715 1653 1786 in
1678 1739 1796 1808 spem,
1836 1715 1922 1785 tesi
1949 1717 2036 1810 quid
2064 1715 2133 1785 ali·

8 1837 10 1848 ¹
92 1817 181 1884 dent
197 1815 333 1906 cogito,
364 1818 425 1886 sed
446 1814 551 1887 etiam
566 1841 743 1889 cansasex
759 1819 897 1914 aliquot
912 1843 1088 1890 annorum
1137 1819 1280 1910 quando
1305 1815 1544 1887 sciscitaturus
1564 1831 1670 1904 esset,
1700 1841 1774 1906 uon
1797 1817 1967 1906 gravatim
1984 1839 2132 1908 respou-

92 1909 246 1988 historia
267 1917 388 1988 animo
397 1912 429 2012 ⁹)
449 1932 581 2012 repeto.
633 1918 782 2010 Quoties
800 1923 955 1992 fremens
974 1937 1010 1994 et
1031 1945 1089 1990 ar·
1137 1941 1259 1988 surum
1277 1941 1361 1992 esse.
1413 1917 1534 2006 Quare
1553 1919 1686 2011 petenti
1708 1919 1830 1988 literas
1842 1920 1888 1989 ad
1905 1933 1939 1990 te
1953 1919 2055 2004 dedi,
2080 1931 2131 1988 tes

92 2019 185 2088 dens
205 2018 260 2088 ira
282 2011 651 2152 aoivapuppomivpa
670 2016 735 2114 aot
755 2019 967 2105 πλεονεξίαν
988 2023 1089 2116 prin·
1138 2033 1366 2113 quapropter
1382 2013 1646 2113 philosophiam
1661 2045 1744 2106 oro,
1775 2033 1817 2091 ut
1838 2014 1935 2091 hunc
1952 2018 2132 2116 Hierony-

92 2118 215 2210 ripum
232 2114 445 2210 reprehendi
480 2119 509 2216 >3
560 2121 663 2192 Nnnc
680 2123 819 2206 vident,
849 2123 880 2194 si
900 2135 1017 2194 tamen
1036 2124 1090 2193 vi·
1137 2145 1239 2190 mum
1267 2145 1286 2191 a
1319 2135 1445 2192 natura
1473 2125 1517 2190 ad
1549 2122 1714 2192 virtutem
1738 2134 1773 2192 et
1800 2123 1906 2192 decus
1935 2121 2133 2205 incitatum,

92 2223 198 2306 dent,
231 2233 405 2314 quantum
430 2223 501 2294 sihi
525 2223 673 2314 periculi
696 2224 954 2298 accersiverint.
1013 2222 1089 2296 Ad·
1138 2237 1173 2294 et
1187 2236 1404 2314 expetentem
1422 2247 1496 2292 nou
1514 2225 1676 2294 umbram
1692 2217 1956 2316 philosophiae,
1990 2225 2050 2292 sed
2070 2247 2133 2291 ve·

92 2317 163 2412 huc
178 2320 248 2390 Dei
265 2323 434 2394 beneficio
449 2319 507 2394 hic
521 2325 747 2396 mediocriter
767 2327 935 2398 coluntur
954 2327 1089 2403 literae.
1137 2345 1195 2394 ras
1214 2331 1248 2393 cl
1261 2326 1366 2394 utiles
1380 2337 1488 2411 artes,
1521 2326 1761 2418 complectare.
1813 2319 1892 2394 Etsi
1915 2325 2010 2395 enim
2035 2347 2131 2394 nunc

92 2421 217 2492 Tuum
235 2423 395 2492 libellum
412 2421 629 2495 scholasticis
652 2427 691 2494 in
715 2429 880 2497 manibus
907 2452 980 2498 esse
1004 2425 1090 2498 haec
1138 2427 1177 2494 in
1202 2419 1258 2494 his
1280 2427 1388 2498 tantis
1409 2429 1507 2496 orbis
1530 2441 1702 2498 terrarum
1723 2421 1935 2498 tumultibus
1955 2421 2042 2496 haec
2057 2441 2132 2496 stn-

92 2525 251 2614 pagella,
284 2549 389 2618 quam
413 2526 537 2611 mitto,
562 2523 759 2622 indicat'¹).
808 2527 907 2600 Bene
931 2543 966 2601 et
986 2530 1090 2600 ioeli-
1137 2528 1196 2598 dia
1214 2541 1388 2598 nonsunt
1406 2523 1613 2598 inhonore:
1648 2542 1767 2602 tamen
1782 2527 1925 2598 virtutis
1949 2551 2050 2598 caum
2071 2551 2132 2598 co·

92 2625 181 2695 citer
196 2625 286 2696 vale.
336 2624 503 2699 Calendis
518 2624 689 2699 Octobris
699 2625 753 2725 ¹²).
1137 2629 1242 2700 lenda
1261 2653 1334 2700 esse
1349 2645 1466 2701 censet
1472 2655 1482 2716 3
1518 2645 1553 2704 et
1572 2643 1634 2716 tu,
1659 2629 1722 2726 qui
1737 2629 1882 2702 fatidica
1896 2643 2014 2701 mente
2030 2652 2132 2720 prae-

602 2758 793 2860 phffippm
813 2761 1040 2839 Mehnthon·
1138 2731 1234 2807 ditus
1260 2731 1372 2816 uosti,
1403 2757 1493 2826 quae
1515 2733 1604 2850 siut,
1631 2755 1726 2851 puae
1740 2731 1894 2850 luerint,
1918 2739 1953 2805 ‘ct
1968 2755 2057 2824 quae
2074 2731 2131 2804 lu*-

621 2837 628 2852 ⁸
1137 2845 1216 2914 tura
1237 2827 1445 2918 trahantur,
1483 2834 1688 2925 praedixisti
1711 2833 1896 2927 aliquanto
1923 2848 2002 2925 post
2034 2847 2133 2904 tran,

1138 2933 1304 3026 quilliora
1326 2929 1491 3026 Esrropae
1517 2949 1686 3026 tempora.
1742 2932 1820 3006 Hac
1843 2959 1904 3028 spe
1928 2936 2132 3007 adolescen-

1138 3036 1224 3121 tiam
1240 3037 1283 3103 ad
1301 3030 1364 3104 has
1380 3036 1586 3128 disciplinas
1600 3049 1636 3106 et
1652 3032 1789 3108 hortari
1809 3037 1929 3124 soleo,
1962 3051 1996 3110 et
2019 3052 2052 3105 te
2074 3060 2132 3105 ar-

92 3169 294 3248 N0·2755·
918 3157 952 3263 (1
988 3187 1077 3272 Oot)
1138 3135 1250 3222 bitro,
1281 3137 1435 3208 libenter
1452 3139 1620 3210 adiuvare
1638 3133 1904 3230 ingeniosorum
1920 3139 2058 3224 studia,
2092 3150 2133 3245 ut

98 3267 273 3298 νυν
911 3233 1083 3308 «λη’.
1138 3241 1181 3309 ad
1199 3239 1436 3329 posteritatem
1455 3239 1697 3310 doctrinarum
1717 3240 1892 3334 possessio
1912 3238 2132 3310 transmitta-

441 3357 483 3444 Β
535 3355 724 3453 Gaurpco
1137 3355 1207 3428 tur.
1255 3333 1308 3410 Ea
1333 3353 1385 3410 est
1408 3355 1524 3412 autem
1546 3341 1715 3412 victusin
1730 3339 1972 3438 Hieronymo,
1997 3355 2035 3411 ut
2053 3341 2132 3432 pol-

481 3425 494 3451 ’
690 3465 695 3472 ’
725 3425 738 3450 ⁰
1067 3536 1071 3544 .
1132 3441 1244 3513 licear
1268 3441 1333 3511 tih'i
1357 3443 1597 3532 gratissimum
1625 3445 1720 3528 iore,
1757 3458 1792 3515 et
1823 3467 1960 3536 sperem
1989 3467 2131 3514 omnem

154 3541 180 3604 i*
198 3533 448 3612 &apographis
461 3537 524 3595 ωδ·
539 3537 623 3598 Paua.
636 3541 672 3600 D·
688 3541 718 3600 1·
731 3542 793 3600 Μ’·
1135 3542 1270 3634 ingenii
1286 3543 1359 3613 vim
1382 3557 1417 3615 et
1441 3545 1653 3615 industriam
1673 3545 1717 3616 ad
1738 3545 1929 3617 utilitatem
1952 3545 2131 3636 publicam

91 3681 141 3762 C,
199 3690 209 3711 .
254 3688 264 3710 .
387 3663 390 3670 ·
509 3694 518 3715 .
563 3696 573 3717 .
683 3652 723 3718 .“
1136 3659 1172 3716 et
1188 3647 1444 3738 conservandas
1458 3641 1624 3718 honestas
1644 3661 1738 3720 artes
1762 3647 2025 3736 collocaturumx
2045 3669 2132 3742 csse.

138 3717 320 3766 orassmro
352 3703 385 3767 el
418 3691 629 3770 doctissimo
654 3725 749 3786 varo,
778 3695 934 3772 Lucas
956 3697 1087 3774 Gou—
1135 3745 1338 3820 Benevale·

91 3795 211 3882 rico,
237 3819 339 3866 veras
356 3791 619 3928 philosophias
638 3799 819 3890 antistiti,
848 3799 1087 3878 dominusco-
1211 3918 1214 3928 Ι
1879 3843 1975 3926 phi]¹
1990 3845 2079 3924 Mel,

88 3920 132 4012 S.
186 3941 331 4022 Clarias.
361 3961 395 4019 et
422 3950 565 4024 doctiss.
594 3953 662 4029 vir.
720 3951 811 4028 Cum
837 3955 1087 4054 Hieronymus
1209 4027 1219 4036 .

89 4039 302 4133 Sshreider,
335 4047 660 4145 Norimbergensis,
692 4051 941 4151 philosophiae
960 4061 1104 4135 studiis,
1511 4134 1516 4144 .
1554 4113 1558 4121 ·

90 4169 125 4216 se
142 4161 259 4218 tntum
276 4151 468 4252 addixerit,
496 4179 536 4224 ac
551 4157 739 4250 praecipue
756 4163 953 4231 doctrinam
970 4165 1014 4232 de
1030 4188 1086 4258 sy·
1134 4151 1200 4230 No·
1213 4153 1326 4226 27⁶6·
2011 4163 2060 4242 (h.
2079 4163 2120 4244 t.)

88 4249 218 4320 derum
248 4253 405 4324 motibus
430 4269 465 4330 et
485 4255 623 4330 viribus
647 4275 757 4348 amet,
798 4263 922 4354 flagrat
952 4265 1085 4356 ingenti
1133 4249 1306 4279 Μ
1991 4251 2124 4278 Μ

1440 4313 1486 4403 V
1481 4291 1557 4400 ito
1578 4317 1817 4406 ΤΙιεοάονο.
1872 4293 1875 4300 ’
1921 4362 1927 4382 =

91 4433 289 4462 —--·r··

120 4541 154 4610 η
172 4539 407 4615 mmm·
1203 4467 1289 4574 spos.
1307 4498 1354 4554 ιιι.
1366 4497 1413 4552 ιν.
1431 4513 1458 4568 p.
1470 4496 1522 4550 aas
1535 4515 1575 4569 aq.
1593 4529 1630 4544 -
1665 4500 1850 4624 apogrifum
1862 4499 2012 4571 nuceas,
2030 4521 2062 4559 ιι
2074 4521 2131 4612 ,aa

121 4625 151 4694 8)
172 4626 353 4699 Apograpbas
372 4633 428 4684 etsi
437 4647 496 4710 nors
510 4614 647 4692 mediocri
654 4637 754 4693 dom
765 4636 889 4708 affluo„
1022 4643 1026 4648 .
1238 4569 1310 4624 edita
1323 4567 1446 4631 videtur,
1464 4573 1504 4618 est
1516 4583 1545 4619 sn
1560 4567 1624 4624 sud.
1636 4566 1749 4626 Mense.
1788 4607 1797 4626 .
1814 4587 1842 4642 p.
1857 4569 1915 4628 160.

122 4709 573 4836 Qgppnszloalhestaeodfflcltn.
588 4719 704 4790 uma,
721 4721 907 4780 seditiones.
921 4722 964 4780 89.
984 4722 1086 4780 eteod.
1320 4777 1331 4788 .
1432 4720 1472 4796 V
1476 4723 1515 4794 1⁸1
1524 4747 1546 4796 ο
1578 4717 1838 4800 Theodoro·

125 4863 170 4929 lli)
188 4861 260 4948 iffi?
276 4863 392 4935 Quoties
395 4835 588 4935 sremrmete.
600 4873 754 4946 apographa
765 4875 879 4932 habente
893 4895 1009 4944 semper
1017 4881 1088 4934 aradi
1132 4839 1178 4932 s·
1197 4857 1243 4938 D,
1293 4855 1371 4932 Elei
1387 4860 1529 4955 Lipsiae
1546 4861 1686 4953 copiose
1704 4863 1750 4933 (le
1766 4867 2129 4939 excommunicatione
2184 4863 2189 4868 ι

157 4947 316 4998 mm
328 4936 804 5040 ''⁰²”W⁰‘¹5'l'“³”²‘⁰'‘i‘“
817 4950 1063 5050 “'V'''⁶³⁴‘‚'“'²‘·,
1132 4958 1196 5036 arui
1215 4958 1298 5057 περὶ
1316 4956 1488 5057 μυήσεως
1507 4958 1571 5036 καὶ
1593 4959 1817 5048 εὐπιθέσεως
1826 4974 1966 5064 χειρῶν
1981 4993 2130 5062 respon-

126 5015 376 5160 nidiidia'aiihi,
391 5018 545 5164 mx
556 5028 1086 5156 iffl‘iaffiffffiffmwffi
1133 5072 1216 5136 dere
1230 5067 1498 5146 constitueram,
1524 5081 1642 5137 tamen
1657 5079 1796 5138 tantum
1811 5071 1880 5140 fuit
1893 5073 2128 5162 scriptionum

125 5153 351 5310 ”ihm
372 5239 477 5295 “um
495 5259 614 5301 maome
641 5247 718 5306 m
735 5279 772 5296 -
807 5247 924 5308 nm
938 5251 1010 5312 hm
1023 5244 1084 5326 spi-
1132 5169 1348 5252 subitarum,
1389 5181 1429 5240 ut
1448 5166 1699 5263 Hieronymus
1723 5183 1844 5242 noster
1853 5164 1891 5267 ⁴)
1915 5173 2035 5245 testari
2061 5195 2127 5266 po»

157 5301 253 5358 stolam
274 5305 414 5361 retulitsd
428 5326 492 5366 ann.
507 5311 584 5370 1⁵46.
618 5315 794 5376 Editor'libri
810 5316 871 5374 vlti
890 5341 949 5380 eam
968 5323 1082 5387 inscruit
1144 5325 1354 5340 “““““””“““’

157 5371 282 5448 epistolis
292 5391 366 5432 asro
379 5375 456 5435 1⁵62.
469 5379 587 5455 seriptis.
1164 5391 1374 5472 pseustin,
1391 5395 1437 5469 qui
1451 5389 1596 5469 pertulisse
1609 5391 1752 5468 epistolam
1765 5390 1967 5471 Noriabrrgan
1982 5386 2098 5454 videtur.
