4654 5804
171 219 249 298 sss
752 211 1189 294 ur1sronaauu
1239 215 1349 296 nra.
1380 217 1446 297 rx.
1499 215 1633 298 1545.
2135 223 2214 298 aso

175 409 273 475 tuos,
309 405 345 464 et
367 389 659 462 consuetudinem
686 403 795 462 totam
824 390 1006 460 venalium
1035 386 1166 458 Missa·
1316 386 1458 462 Horum
1480 389 1735 462 beneficiorum
1764 389 2048 481 magnitudinem
2077 395 2215 466 nullius

176 521 277 575 rum,
300 507 426 565 tetram
443 487 759 586 prophanationem
783 515 867 566 esse.
918 490 1024 562 Nunc
1047 491 1167 560 suavi·
1217 503 1396 563 creaturae
1423 492 1625 586 eloquentia
1648 493 1767 562 verbis
1788 516 1939 588 aequare
1962 509 2088 586 potest.
2127 497 2213 569 sed

177 612 231 667 ter
253 597 431 686 mitigant:
465 593 663 686 adplicetur
682 617 790 664 coena
813 593 962 680 Domini
982 603 1167 686 pro'mor-
1215 607 1335 664 tamen
1351 595 1538 686 cogitanda
1550 607 1634 666 sunt
1647 595 1715 687 piis
1729 597 1924 681 mentibus,
1948 610 1982 668 et
1999 597 2214 670 declaranda

177 700 266 784 tuis,
291 721 365 766 non
383 696 520 766 ratione
542 695 720 777 sacrificii,
748 697 809 767 sed
831 697 969 766 ratione
989 695 1165 785 suffragii3
1216 696 1337 790 aliquo
1351 699 1458 768 modo
1472 697 1649 788 gratitudo
1665 699 1786 788 studio
1804 699 2215 790 amplectendaedoetri-

178 803 265 872 fiant
281 799 421 868 venales
437 797 588 882 Missae,
613 799 674 866 sed
685 798 878 890 pauciores.
929 795 1164 868 Manifestum
1216 822 1302 880 nae,
1335 812 1369 868 et
1391 800 1517 871 tuendi
1541 814 1576 870 et
1601 799 1755 870 ornandi
1784 800 1975 870 ministerii
1993 797 2214 894 Evangelici‚

179 915 249 988 est,
280 895 457 970 ethnicam
486 901 780 970 consuetudinem
807 923 900 981 esse,
933 901 1048 993 qualis
1070 923 1167 969 nunc
1217 913 1252 970 et
1273 901 1522 973 benevolentia
1543 923 1623 990 erga
1644 903 1739 994 ipsos
1758 898 1951 988 Doctores,
1982 907 2215 998 quorumda-

179 1017 247 1089 est,
279 1001 540 1072 invocationem
567 1016 802 1075 mortuorum.
860 999 965 1072 Nunc
986 1001 1167 1091 mitigant:
1216 1002 1381 1089 boribus,
1406 1004 1592 1096 periculis,
1626 1018 1660 1074 et
1686 1005 1824 1093 magnis
1852 1006 1945 1075 curis
1966 1021 2001 1078 et
2025 1007 2213 1079 doloribus

176 1108 389 1176 invocentur
402 1103 613 1190 modestius,
638 1105 747 1174 verba
768 1104 885 1172 lenius
906 1103 1167 1193 intelligantur:
1217 1105 1379 1176 doctrina
1393 1107 1602 1179 restituitur.

177 1205 294 1278 Maria
317 1220 429 1324 maier
443 1205 591 1324 gra-fiae’
618 1219 657 1276 tu
677 1228 743 1275 ¹¹⁰⁸
760 1206 805 1274 ab
822 1200 923 1276 h⁰⁵t⁸
942 1218 1103 1325 pimige’
1128 1204 1168 1272 in
1320 1258 1391 1330 Sed
1422 1273 1463 1330 ut
1491 1281 1628 1349 semper
1654 1253 1813 1331 Ecclesia
1835 1273 1955 1329 coetus
1979 1273 2031 1330 est
2055 1260 2214 1351 exiguus,

176 1304 264 1379 hora
281 1321 571 1398 mortrssuscrpe;
598 1310 894 1382 sedmvocentur.
945 1307 1004 1379 Src
1019 1331 1059 1374 1n
1072 1307 1168 1376 mul·
1220 1362 1229 1379 .

177 1412 222 1484 tis
247 1411 326 1480 aliis
347 1408 607 1479 moderationes
626 1422 801 1503 quaerunt
831 1410 938 1489 tales,
971 1433 1061 1502 quae
1082 1408 1169 1478 reti·
1218 1379 1267 1434 Μ
1290 1385 1396 1454 Paua
1418 1375 1521 1446 Μ’
1554 1385 1617 1454 ‘3¹¹¹
1644 1353 1729 1429 haee
1759 1361 1875 1430 ⁰ffi⁰¹³
1905 1375 2102 1451 memmi
2150 1365 2214 1434 sed

177 1525 289 1610 ”9³¹st
306 1534 434 1581 nervo,
460 1511 654 1602 impiorum
678 1511 856 1586 cultuum·
914 1508 968 1580 De
992 1509 1168 1580 coelibatu
1219 1477 1415 1535 esttamen
1442 1475 1561 1582 coetus
1591 1461 1738 1578 aliquis,
1777 1476 1811 1532 et
1833 1463 2022 1532 mediocris
2047 1465 2215 1538 multitu-

177 1609 270 1684 nihil
286 1615 402 1683 dicere
416 1625 582 1705 possunt,
613 1627 648 1684 et
662 1625 780 1682 tamen
795 1612 1021 1704 impudenter
1034 1635 1169 1704 propu-
1219 1569 1301 1685 d⁰..
1328 1563 1425 1635 Haec
1445 1576 1593 1734 ingiam
1607 1560 1676 1732 Dpr
1698 1586 1778 1653 erga
1801 1587 1867 1633 ¹¹⁰⁸
1882 1589 2020 1684 ⁰m⁰f⁹‘
2041 1579 2076 1674 it
2098 1582 2214 1639 ΝΟΜ

177 1729 298 1807 gnant,
315 1715 399 1808 quia
408 1713 628 1784 commodior
640 1728 692 1784 est
704 1717 748 1783 ad
758 1737 841 1805 opes
858 1715 1167 1788 administrandas.
1218 1666 1320 1750 Μ’
1346 1667 1481 1736 ³m³h¹t
1529 1687 1639 1753 ΜΨ
1655 1689 1749 1746 mm’
1775 1666 1948 1736 ¹¹⁸⁶V⁰¹⁰t
1963 1667 2144 1738 ¹¹¹fl²²¹⁸¹³
2167 1673 2215 1739 ad

277 1815 355 1886 Ha,
369 1811 629 1910 sycophantiae
642 1813 1005 1908 praeparamRegum
1019 1815 1168 1901 animos,
1218 1791 1298 1839 suas
1320 1768 1547 1859 cupiditates,
1574 1791 1646 1885 ‘nec
1664 1767 1881 1858 corruptelas
1901 1769 2063 1887 affinget,
2092 1783 2133 1841 ut
2158 1786 2216 1842 at.

177 1897 297 2012 postea
324 1890 505 1986 adduritur
533 1919 822 1998 declamationes,
855 1943 961 2010 quam
989 1919 1035 1987 sit
1054 1913 1167 1987 hone-
1218 1883 1389 1963 temperet
1412 1867 1646 1964 Evangehum
1668 1882 1838 1962 tanquam
1859 1868 2024 1940 L⁰⁸b¹³¹¹¹
2043 1873 2216 1960 reffuhmv

178 2035 268 2092 ,tum
295 2019 388 2090 ,ueri
409 2019 519 2108 leges,
545 2031 579 2088 e,
598 2034 817 2111 praesentem
831 2021 980 2089 formam
996 2017 1166 2110 Reipub„
1217 1987 1258 2144 pt
1275 1973 1423 2053 dicitur,
1450 1973 1495 2090 ad
1510 1969 1723 2041 Pontificum
1747 1971 2044 2088 dominationem
2071 1976 2132 2044 sed
2148 1999 2216 2047 au.

1244 2088 1294 2145 ret
1316 2071 1573 2163 Evangelrum,
1613 2085 1655 2142 ut
1684 2073 1875 2164 discipula,
1916 2087 1951 2145 et
1981 2075 2216 2166 amplectetur

177 2147 282 2217 quam
298 2121 534 2212 periculosum
549 2120 594 2192 sit
608 2123 714 2191 semel
729 2121 915 2192 admittere
928 2121 1166 2191 mutationum
1392 2177 1402 2192 ,
1474 2199 1511 2244 rr
1562 2187 1639 2245 tum
1654 2187 1689 2244 et
1704 2197 1779 2244 non
1796 2175 1951 2245 dilutum
1968 2170 2100 2246 eumn
2181 2181 2191 2196 ·

177 2224 386 2314 exemplum.
444 2220 497 2292 lta
517 2222 759 2294 incenduntur
777 2221 891 2312 Reges
912 2224 958 2292 ad
982 2223 1166 2294 saeviciam
1216 2200 1471 2349 Effigiffismffl
1512 2199 1560 2267 ¹¹1³
2055 2201 2119 2247 ¹⁰¹⁵
2133 2201 2214 2273 ⁰121·

175 2327 215 2395 in
240 2348 322 2396 suos
344 2325 592 2414 exercendam,
616 2337 651 2394 et
673 2326 716 2394 ad
734 2326 909 2394 movenda
931 2325 1024 2395 bella
1040 2327 1167 2396 adver-

175 2451 233 2498 sus
252 2427 381 2496 multas
393 2426 554 2495 nationes
571 2437 605 2494 et
617 2427 707 2496 bene
722 2439 876 2496 moratas
890 2427 1065 2510 civitates,
1077 2451 1166 2520 quae
1318 2425 1396 2496 Hos
1413 2421 1550 2496 Christi
1572 2424 1750 2494 auditores
1764 2447 1869 2516 spero*
1881 2425 2034 2498 libenter
2048 2440 2083 2498 et
2104 2423 2215 2500 huius

174 2541 258 2600 sunt
273 2527 453 2598 domicilia
471 2527 691 2608 litterarum,
718 2527 925 2620 disciplinae
942 2543 976 2600 et
990 2524 1167 2600 Ecclesia·
1217 2527 1302 2598 libri
1323 2528 1579 2618 disputationes
1602 2527 1755 2596 lecturos
1780 2551 1872 2612 esse,
1898 2552 1989 2621 quae
2009 2542 2045 2598 et
2066 2545 2216 2622 propter

174 2654 275 2716 rum,
301 2631 374 2698 imo
389 2653 478 2722 quae
495 2643 578 2700 sunt
593 2643 801 2700 ornamenta
821 2630 930 2700 totius
944 2630 1040 2700 orhis
1055 2644 1166 2702 terra·
1218 2643 1418 2722 temporum
1438 2625 1625 2700 historiam
1647 2642 1682 2698 et
1709 2643 1854 2720 propter
1873 2653 1929 2698 res
1958 2630 2050 2722 ipsas
2078 2656 2213 2723 cogno-

173 2756 266 2804 rum.
317 2728 413 2800 Haec
435 2725 651 2822 sophismata
672 2745 707 2801 et
728 2727 815 2802 haec
836 2731 1025 2824 parricidia
1040 2746 1167 2803 vocant
1217 2734 1366 2802 scendae
1382 2745 1476 2802 sunt.
1525 2727 1730 2800 Hincenim
1754 2731 1904 2820 intelligi
1921 2733 2068 2822 poterit,
2095 2759 2215 2827 quan-

174 2833 243 2926 ipsi
263 2827 443 2902 Ecclesiae
465 2833 772 2919 reformationem,
803 2857 993 2927 quaecum
1015 2835 1166 2904 certissi-
1217 2848 1271 2905 tae
1292 2835 1427 2905 fuerint
1447 2832 1613 2904 tenebrae
1637 2833 1796 2924 priorum
1812 2846 2032 2924 temporum,
2056 2836 2121 2904 etsi
2142 2831 2214 2907 hae

173 2958 274 3005 mum
296 2933 359 3014 sit,
387 2957 462 3004 non
481 2957 554 3004 esse
571 2959 591 3004 a
609 2931 705 3016 Deo,
727 2958 810 3004 nam
832 2932 1007 3005 Diabolus
1030 2949 1081 3006 est
1101 2961 1165 3007 au·
1216 2929 1333 3006 adhuc
1360 2937 1399 3005 in
1424 2935 1546 3006 multis
1566 2934 1772 3022 regionibus
1793 2948 1827 3004 et
1847 2948 1994 3004 manent
2022 2949 2058 3005 et
2078 2939 2212 3006 confir-

175 3051 251 3108 ctor
277 3036 559 3125 mendaciorum,
593 3031 868 3108 homicidiorum
899 3050 934 3106 et
960 3037 1165 3124 libidinum,
1214 3051 1370 3112 mantur.
1427 3033 1567 3106 Deinde
1588 3036 1676 3106 utile
1701 3049 1753 3106 est
1780 3035 1920 3117 videre,
1957 3061 2045 3131 quae
2073 3039 2213 3111 fuerint

172 3137 345 3208 monendi
361 3150 396 3207 et
410 3132 581 3207 hortandi
596 3152 679 3208 sunt
697 3163 820 3208 omnes
835 3133 1017 3220 homines,
1044 3153 1086 3210 ut
1106 3163 1164 3210 so-
1214 3139 1475 3231 progressiones
1489 3138 1762 3223 emendationis,
1789 3149 1822 3206 et
1836 3138 2001 3207 lectorem
2018 3141 2159 3210 erudire
2175 3157 2214 3213 et

173 3241 338 3312 cietatum
357 3263 481 3310 eorum
503 3239 661 3328 fugiant,
687 3241 749 3332 qui
772 3263 808 3310 se
819 3240 1032 3331 profitentur
1046 3236 1163 3313 hostes
1214 3242 1266 3321 dev
1282 3241 1404 3310 multis
1427 3241 1564 3328 magnis
1592 3239 1699 3308 rebus
1727 3239 2026 3310 commonefacere
2049 3257 2212 3333 possunt.

172 3364 245 3410 esse
259 3340 460 3420 doctrinae,
486 3363 575 3432 quae
592 3357 694 3413 sonat
713 3341 752 3408 in
766 3338 935 3410 Ecclesiis
947 3342 1088 3418 nostris.
1214 3339 1261 3412 Et
1275 3344 1407 3412 multae
1423 3353 1538 3432 partes
1553 3341 1734 3410 doctrinae
1745 3337 2029 3423 Ecclesiasticae‚
2056 3367 2211 3436 quarum

275 3440 408 3530 Magna
431 3440 621 3512 multitudo
646 3455 698 3512 est
717 3439 997 3532 Epicuraeorum
1020 3444 1163 3537 ubique,
1214 3443 1368 3534 cognitio
1397 3442 1592 3512 necessaria
1625 3453 1677 3512 est
1710 3443 1896 3528 omnibus,
1930 3438 1989 3512 hic
2016 3444 2211 3536 explicatae

172 3545 235 3638 qui
261 3543 380 3612 rident
405 3566 527 3612 omnes
555 3543 744 3633 religiones
774 3556 809 3614 et
839 3544 983 3636 quidem
1010 3545 1049 3614 in
1072 3545 1162 3614 aulis
1212 3557 1308 3621 sunt.

170 3643 383 3740 Pontificum
406 3657 440 3713 et
460 3642 611 3734 Regum.
679 3643 749 3714 Hic
770 3646 913 3716 ducitur
936 3669 1009 3717 esse
1033 3648 1162 3736 gradus

171 3745 363 3839 sapientiae
379 3746 589 3836 praecipuus
609 3747 727 3815 ridere
748 3747 956 3836 religiones,
983 3762 1018 3818 et
1041 3762 1161 3818 tamen

169 3849 330 3941 gnaviter
353 3847 519 3917 simulare
547 3847 703 3918 studium
726 3850 918 3918 servandae
935 3852 1162 3921 consuetudi-

1312 3691 1518 3764 Dolendum
1540 3706 1593 3763 est
1613 3705 1731 3762 autem
1753 3703 1892 3762 tantum
1918 3715 1991 3762 esse
2012 3663 2208 3766 Potentum
2239 3691 2244 3698 ’

1211 3796 1441 3889 pertinaciam
1457 3796 1496 3864 in
1512 3794 1745 3886 opprimenda
1762 3793 1839 3862 luce
1853 3789 2058 3884 Evangelii,
2073 3809 2114 3868 ut
2128 3822 2207 3870 non

1132 3953 1141 3969 .
1212 3899 1328 3969 solum
1360 3897 1626 3989 superstitiones
1659 3896 1755 3986 apud
1788 3917 1869 3964 suos
1901 3896 2101 3983 stabiliant,
2142 3901 2207 3968 sed

168 3951 238 4019 nis.
287 3947 331 4019 ln
347 3973 388 4018 eo
405 3944 594 4028 hominum
610 3971 735 4040 genere
758 3946 824 4020 hae
839 3963 979 4020 nostrae
996 3953 1161 4022 admom-

169 4053 284 4122 tiones
304 4074 430 4142 parum
455 4051 589 4137 valent;
616 4053 677 4121 sed
693 4052 774 4122 illos
794 4053 975 4146 alloquor,
1001 4054 1064 4146 qui
1080 4078 1163 4124 sen-

169 4153 281 4232 tiunt,
307 4175 381 4220 nou
405 4174 487 4221 casu
509 4166 633 4222 natum
653 4177 727 4223 esse
749 4148 937 4222 hominum
961 4177 1089 4244 genus,
1120 4169 1161 4226 ut

170 4254 303 4346 pulices
334 4265 394 4322 aut
423 4275 579 4334 muscas,
610 4255 671 4324 sed
698 4252 769 4325 Dei
796 4255 944 4325 consilio
976 4257 1159 4328 conditum

171 4379 262 4434 esse,
288 4355 333 4423 ad
349 4353 460 4445 ipsius
474 4355 712 4443 agnitionem,
747 4353 796 4426 Et
812 4353 927 4428 Deum
943 4381 1025 4432 vere
1040 4379 1075 4426 se
1096 4383 1160 4448 pa·

169 4455 325 4526 tefeoisse
347 4450 506 4526 humano
527 4457 668 4545 generi,
692 4482 732 4528 ac
754 4482 835 4528 vere
861 4457 1044 4531 tradidisse
1069 4457 1159 4530 Pro-

1213 4000 1339 4070 malint
1360 3997 1577 4091 Epicuraeos
1597 3998 1753 4077 furores,
1786 4009 1820 4066 et
1841 3997 1957 4066 varias
1977 4000 2207 4071 confusiones

1211 4100 1394 4172 Sectarum
1408 4102 1502 4172 inter
1517 4123 1599 4170 suos
1621 4097 1790 4189 grassari,
1815 4103 1856 4167 ut
1874 4099 2005 4189 passim
2020 4099 2098 4169 fieri
2116 4126 2206 4173 eon-

1210 4215 1296 4288 stat‚
1322 4227 1429 4296 quam
1453 4201 1647 4272 emendatis
1661 4197 1829 4270 Ecclesiis
1849 4201 2036 4290 praeficere
2052 4201 2204 4276 idoneos

1210 4299 1392 4386 homines,
1418 4305 1480 4398 qui
1497 4300 1590 4374 hanc
1612 4303 1854 4393 incorruptam
1870 4297 2059 4392 Evangelii
2076 4330 2203 4377 vocem

1208 4419 1468 4500 proponerent,
1495 4429 1584 4500 quae
1600 4405 1640 4474 in
1653 4404 1783 4475 nostris
1799 4399 1966 4473 Ecclesiis
1981 4419 2095 4480 sonat.

45 4555 49 4572 ’
169 4553 346 4650 pheticam
380 4571 416 4626 et
443 4552 684 4648 Apostolicam
718 4561 925 4632 doctrinam.
984 4559 1063 4632 Hoc
1096 4563 1160 4656 qui
1309 4559 1402 4632 Cum
1418 4583 1501 4630 vero
1516 4553 1682 4630 humanis
1699 4557 1857 4629 consiliis
1871 4558 1974 4628 leniri
1995 4553 2082 4629 haee
2097 4583 2201 4653 aspe-

170 4659 344 4737 sentiuut,
371 4657 577 4749 intelligunt
592 4684 666 4730 non
684 4661 789 4732 licere
804 4658 1011 4733 hominibus
1024 4679 1159 4737 mutare
1209 4663 1294 4734 ritas
1310 4688 1385 4733 non
1400 4662 1527 4753 possit,
1552 4658 1667 4732 Deum
1683 4675 1865 4731 aeternum
1886 4658 2028 4730 Patrem
2049 4657 2201 4732 Domini

168 4775 307 4832 aeterna
320 4757 388 4830 Dei
402 4761 560 4846 decreta,
582 4765 643 4832 sed
658 4786 795 4834 summa
815 4765 1011 4835 reverentia
1034 4791 1074 4836 ea
1095 4792 1160 4838 au·
1209 4767 1322 4837 nostri
1346 4763 1426 4834 lesu
1446 4759 1580 4835 Christi
1596 4789 1680 4850 oro,
1700 4788 1770 4834 una
1793 4787 1872 4834 cum
1895 4763 2060 4832 universa
2073 4759 2201 4834 Eccle-

169 4863 245 4933 dire
269 4875 302 4933 et
327 4860 492 4954 amplecti
514 4865 701 4947 debemus,
737 4879 771 4936 et
790 4863 866 4936 Deo
886 4867 1025 4955 ‘gratias
1047 4892 1159 4960 agere,
1208 4869 1277 4953 sia,
1302 4868 1431 4959 utipse
1447 4865 1514 4936 sibi
1530 4866 1691 4955 colligat,
1716 4877 1813 4956 regat
1827 4877 1862 4934 et
1877 4879 1992 4936 servet
2001 4860 2199 4936 Ecclesiam

169 4966 266 5059 quod
281 4977 315 5036 et
331 4962 466 5054 diligit,
483 4977 517 5034 et
533 4964 680 5055 diligere
695 4991 730 5038 se
748 4968 851 5040 toties
865 4968 1026 5040 adfirmat
1034 4966 1158 5042 Eccle-
1207 4983 1404 5056 aeternam,
1430 4980 1527 5038 aeut
1551 4967 1667 5038 flectat
1688 4981 1823 5050 mentes
1842 4963 1983 5056 Regum
2007 4979 2043 5038 et
2056 4964 2199 5037 Princi-

167 5067 254 5136 siam
268 5089 379 5150 suam,
392 5079 426 5136 et
437 5065 536 5137 dedit
547 5067 650 5138 nobis
659 5069 786 5160 pignus
794 5070 850 5141 sui
863 5071 1004 5154 amoris,
1013 5070 1157 5161 Filium,
1206 5097 1310 5165 pum,
1335 5074 1380 5142 ad
1401 5070 1679 5163 amplectendam
1702 5083 1737 5140 et
1752 5069 2015 5162 propagandam
2033 5068 2197 5140 incorru-

167 5181 202 5239 et
221 5167 359 5238 addidit
372 5164 625 5260 Evangelium,
649 5183 683 5240 et
707 5171 744 5241 id
769 5171 971 5266 saepissime
992 5175 1156 5263 restituit,
1205 5189 1303 5266 ptam
1334 5169 1521 5263 Evangelii
1547 5173 1763 5257 doctrinam,
1804 5185 1845 5242 ut
1873 5163 2196 5261 serviant‘gloriae

167 5293 248 5340 cum
271 5263 459 5341 hominum
482 5271 694 5363 negligentia
718 5287 753 5345 et
775 5275 910 5345 malitia
929 5288 989 5346 aut
1010 5301 1155 5370 prorsus
1203 5271 1356 5362 Christi,
1389 5290 1423 5346 et
1450 5275 1577 5366 populi
1606 5275 1711 5346 saluti
1740 5297 1822 5344 vere
1850 5272 2046 5346 consulant.
2098 5269 2194 5343 Bene

166 5372 206 5440 in
221 5371 437 5442 oblivionem
460 5375 575 5462 venit,
600 5387 662 5446 aut
677 5376 859 5448 obscurari
875 5377 1000 5468 coepit.
1204 5381 1282 5451 vale
1294 5373 1494 5452 Christiane
1507 5375 1646 5451 Lector.
