4670 5806
203 163 277 238 867

536 327 679 402 Iusto
704 321 875 400 Manio.

210 434 255 523 S·
279 455 325 526 D.
352 452 422 523 Dei
442 454 615 524 beneficio
639 447 698 519 hic
720 449 959 541 tranquillitas
984 462 1055 531 est,
1080 459 1114 516 et
1129 471 1204 516 rne-

211 558 380 628 diocriter
394 556 523 624 florent
538 553 654 624 studia
671 553 867 624 literarum.
916 549 985 622 Sed
1007 545 1061 618 his
1078 550 1204 618 diebus

109 679 113 690 “
212 663 353 730 doctum
375 652 565 726 *hominem
589 647 804 736 Martinam
829 646 1018 736 Frisium,
1047 652 1108 742 qui
1140 651 1204 719 diu

211 761 361 834 fideliter
378 759 466 830 alios
479 757 629 844 erudiit,
651 747 890 849 amisimus*).
931 752 1065 824 Verum
1080 778 1119 822 ea
1134 752 1205 822 fuit

211 867 303 938 vitae
317 863 448 955 pietas,
474 877 514 932 ut
530 875 713 930 evocatum
727 859 766 926 in
782 858 967 926 coelestem
984 849 1141 925 scholam
1160 855 1204 923 ad

212 961 430 1039 audiendum
453 960 638 1034 Christum
667 973 701 1030 et
726 955 921 1051 Prophetas
946 972 980 1029 et
1003 953 1207 1050 Apostolos,

214 1094 287 1140 nun
304 1067 477 1138 dubitem.

313 1168 367 1240 De
383 1181 561 1238 conventu
585 1159 653 1233 hoc
672 1163 815 1241 scimus:
842 1161 1013 1254 promissa
1037 1175 1120 1232 sunt
1142 1185 1206 1231 au-

214 1274 298 1344 xilia
322 1268 473 1354 Carolo,
504 1281 629 1337 contra
656 1264 781 1374 Callus
801 1263 986 1334 etGallus
1010 1265 1205 1333 declaratus

215 1389 267 1446 est
290 1370 400 1444 bostis
424 1369 565 1462 imperii
588 1365 808 1437 Germanici.
866 1365 970 1436 Nune
994 1379 1117 1458 petunt
1140 1389 1207 1433 no-

215 1477 303 1559 stri,
337 1489 376 1544 ut
399 1471 567 1544 Ecclesiis
588 1469 718 1540 nostris
740 1493 805 1560 pax
830 1470 1054 1540 concedatur.
1104 1461 1205 1534 Dio-

215 1575 362 1674 nysium
372 1569 441 1671 **),
456 1571 664 1643 Macedonis
679 1567 987 1654 Concionatorem,
1011 1569 1116 1638 audio
1133 1589 1206 1636 esse

214 1694 416 1764 mortuum,
443 1690 477 1745 et
491 1675 611 1760 doleo;
638 1697 720 1741 nam
740 1665 992 1766 Leuuigerum
1011 1695 1107 1739 nunc
1128 1694 1205 1738 ma-

216 1782 268 1872 gis
286 1794 415 1848 metuo.
466 1775 573 1868 Mitto
591 1775 656 1844 tihi
673 1787 707 1844 et
723 1771 944 1868 Hieronymo
962 1773 1123 1856 libellos,
1150 1771 1207 1840 cui

217 1882 398 1952 excusabis
412 1903 486 1959 me,
514 1879 609 1970 quod
628 1899 728 1946 ncrnc
744 1900 818 1944 non
833 1876 966 1960 scribo;
994 1900 1087 1944 eram
1112 1873 1206 1942 enim

214 1986 407 2056 admodum
422 1992 622 2070 occupatus.
674 1975 771 2048 Bene
786 1979 882 2062 vale,
904 1977 962 2046 die
984 1979 1042 2049 17.
1061 1971 1208 2067 Aprilis,

217 2111 288 2180 quo
303 2100 383 2154 ante
398 2105 511 2152 annos
521 2077 621 2154 5845
637 2078 715 2150 Noe·
732 2093 831 2170 pater
845 2080 884 2146 in
899 2103 1014 2164 arcam
1032 2078 1208 2166 ingressus

217 2203 286 2267 est,
334 2209 404 2279 qrra
430 2184 584 2272 imagine
613 2181 768 2252 ostendit
801 2177 985 2264 Christus,
1028 2180 1208 2272 quomodo
1253 2231 1255 2242 .

217 2313 355 2380 semper
387 2286 599 2362 servaverit,
642 2295 677 2352 et
703 2296 906 2352 servaturus
930 2284 977 2351 sit
1005 2279 1210 2364 Ecclesiam,

216 2391 365 2481 imperia
379 2411 461 2458 vero
479 2387 600 2456 obruit
615 2397 761 2476 propter
773 2385 900 2455 mundi
913 2385 1062 2456 furores.
1113 2381 1210 2452 Bene

218 2493 305 2564 vale.

729 2584 918 2680 Philippus
934 2582 1160 2658 Melanthon.

685 205 724 254 „
778 97 1216 230 arr-sronanuu
1273 149 1379 230 nra
1418 145 1484 231 nr.
1534 146 1671 232 sset.

2171 153 2245 228 tos

1256 338 1330 410 tus,
1354 324 1524 394 addidisti
1538 324 1611 392 sere
1624 345 1762 416 semper
1778 319 2000 394 chartaceum
2016 324 2162 419 aliquod
2174 349 2245 394 sees-

1254 417 1408 520 μήλων,Ι
1434 426 1564 518 quihus
1589 425 1696 494 rebus
1720 425 1860 496 animus
1881 451 1999 510 meus,
2027 427 2134 496 variis
2150 428 2246 514 cogi-

1256 528 1452 598 tationibus
1465 527 1634 612 afflictus,
1662 540 1838 598 recreatus
1856 543 1918 602 est.
1970 527 2089 616 Quare
2103 552 2166 616 ago
2181 529 2246 597 tibi

1256 653 1403 722 magnas.
1423 629 1569 720 gratias,
1595 641 1628 698 et
1654 624 1761 700 habes
1781 654 1838 698 me
1854 625 1922 700 hoc
1935 629 2106 702 beneficio
2120 631 2170 700 ita
2184 631 2247 700 de-

1257 733 1438 817 vinctum,
1462 725 1505 806 'ut
1521 732 1660 806 credam
1673 757 1729 810 me
1745 733 1925 802 absentem
1942 733 2055 802 multo
2072 733 2178 822 magis
2195 747 2246 806 te-

1258 859 1337 905 cum
1359 857 1454 920 esse,
1489 857 1596 928 quam
1623 834 1652 900 si
1673 857 1813 926 semper
1833 845 1946 903 tecum
1961 857 2125 924 praesens
2141 835 2248 904 vitam

1258 960 1406 1027 agerem.
1464 935 1538 1004 Nec
1563 936 1709 1019 dubito,
1744 935 1833 1029 quin
1859 960 1928 1005 una
1952 936 2187 1008 futurisimns
2210 937 2247 1004 in

1257 1062 1366 1128 regno
1387 1032 1539 1120 Christi,
1562 1037 1601 1106 in
1627 1061 1698 1130 quo
1722 1051 1762 1106 tu
1790 1038 1896 1108 tantis
1912 1037 2007 1108 curis
2024 1053 2058 1110 et
2074 1039 2245 1108 sollicitu-

1258 1141 1421 1224 dinibus,
1441 1162 1511 1229 ,ego
1536 1161 1556 1207 a
1581 1162 1656 1208 mea
1670 1139 1847 1210 stoiciiate
1876 1152 1911 1209 et
1933 1141 2133 1210 vanissimis
2153 1141 2248 1230 cogi-

1257 1243 1450 1312 tationibus
1466 1239 1591 1326 liberi,
1616 1240 1871 1319 delectabimur
1891 1256 2079 1332 perpetuo,
2106 1255 2139 1311 et
2155 1242 2250 1310 irue-

1256 1368 1339 1414 mur
1360 1342 1565 1414 dulcissimo
1589 1341 1651 1410 1110
1675 1341 1854 1436 colloquio
1876 1338 2011 1412 Christi
2036 1356 2070 1413 et
2091 1345 2251 1413 omnium
2313 1377 2314 1380 ¹

1257 1445 1408 1538 piorum.
1463 1441 1583 1513 ludaei
1604 1443 1801 1528 somniant,
1834 1443 1872 1512 in
1894 1445 2050 1514 adventu
2075 1445 2130 1514 sui
2153 1445 2251 1513 Mes-

1257 1548 1329 1616 siae
1346 1565 1467 1616 esuros
1489 1569 1525 1614 se
1547 1545 1591 1613 de
1607 1545 1772 1616 carnibus
1789 1545 1878 1614 vasti
1893 1545 1990 1614 illius
2005 1548 2116 1630 tauri,
2137 1571 2157 1614 a
2181 1573 2251 1638 qno

1258 1649 1383 1718 dicunt
1409 1671 1482 1716 uno
1511 1645 1569 1715 die
1599 1659 1742 1716 centum
1768 1647 1933 1716 milliaria
1966 1648 2107 1738 depasci
2141 1673 2250 1738 posse.

1258 1749 1370 1820 Nobis
1386 1745 1543 1818 Ecclesia
1560 1761 1595 1816 et
1611 1761 1779 1838 perpetua
1795 1749 1889 1818 bona
1914 1749 1951 1816 in
1966 1745 2109 1834 Christo
2132 1765 2252 1839 paratu

1259 1865 1361 1936 sunt,
1384 1873 1474 1942 quae
1489 1861 1530 1920 ut
1544 1864 1636 1918 certa
1653 1850 1700 1918 ita
1715 1863 1749 1918 et
1764 1873 1890 1938 magna
1909 1874 1968 1942 spe
1985 1865 2218 1942 expectamus.

1361 1943 1526 2021 Comitia
1567 1945 1762 2046 Spirensis
1802 1955 1962 2022 nondum
2006 1966 2089 2021 sunt
2126 1954 2253 2024 soluta.

1260 2053 1438 2144 Tempore
1468 2051 1564 2122 enim
1597 2075 1686 2147 opus
1718 2063 1789 2138 est,
1833 2066 1873 2122 ut
1897 2053 2130 2138 deliberetur,
2166 2079 2253 2122 num

1261 2153 1454 2225 Germania
1480 2151 1587 2223 Gallo
1613 2178 1659 2222 an
1685 2151 1827 2223 Turcae
1854 2154 2051 2244 diripienda
2082 2170 2116 2226 et
2144 2157 2253 2223 deva-

1262 2259 1385 2327 standa
1418 2255 1618 2328 obiiciatur.
1676 2251 1858 2348 Principes
1881 2253 2094 2326 Germaniae
2117 2257 2256 2326 malunt

1261 2359 1419 2430 lortassis
1440 2381 1505 2426 nos
1534 2358 1642 2426 semel
1667 2371 1803 2426 tantum
1831 2380 1938 2448 quam
1964 2381 2100 2448 semper
2125 2360 2254 2427 misere

1262 2463 1390 2554 perire.
1426 2459 1496 2532 Sed
1511 2459 1624 2551 quid?
1649 2457 1687 2528 si
1707 2459 1764 2526 isti
1782 2459 1910 2527 nolunt
1925 2483 2131 2528 conservare
2148 2483 2253 2530 suum
2321 2497 2322 2506 1

1263 2563 1525 2652 magistratum,
1563 2554 1725 2630 Christus
1753 2574 1870 2630 tarnen
1901 2562 2123 2632 conservabit
2154 2586 2253 2632 suam

1180 2732 1183 2741 .
1262 2662 1467 2738 Ecclesiam.
1528 2659 1607 2732 Hoc
1640 2675 1691 2735 est
1722 2675 1884 2730 nostrum
1917 2662 2133 2752 perfugium,
2175 2677 2257 2732 utut
2322 2689 2323 2704 ¹

1172 2775 1177 2783 “
1263 2767 1354 2837 aliae
1369 2789 1425 2836 res
1448 2762 1660 2848 ceciderint..
1698 2762 1883 2854 Superiori
1906 2757 2126 2834 hebdomade
2149 2789 2255 2858 quarn

218 2937 415 3068 Q.

1042 2941 1213 3058 use

588 3082 836 3195 Proerfmio.

269 3269 443 3339 (Secundum
463 3263 543 3334 Mylii
563 3263 773 3334 chronologiam
794 3263 960 3334 scriptorum
978 3263 1163 3318 Melsntbonis
1179 3263 1211 3318 ad

308 3341 334 3392 h.
347 3353 448 3392 sunum
467 3333 629 3386 Melanthos
646 3333 753 3401 scripsit
777 3334 995 3401 „praelationem
1015 3334 1042 3388 in
1061 3333 1213 3388 arithmeti-

308 3425 370 3462 cam
394 3402 525 3458 loacbimi
543 3399 686 3456 Ammonii
707 3399 882 3465 Nissensis'',
907 3401 960 3456 dat.
982 3401 1008 3453 d.
1034 3403 1073 3456 17.
1089 3405 1156 3474 Ape.
1178 3430 1214 3445 -

308 3473 376 3528 Mihi
398 3492 460 3525 vero
484 3490 539 3523 non
558 3471 688 3538 contigit,
706 3469 779 3522 hune
797 3467 898 3522 librum
917 3469 1016 3524 videre.
1051 3469 1149 3528 Nescio
1162 3487 1212 3524 au·

307 3555 363 3596 tem
378 3561 410 3595 an
428 3559 483 3594 non
497 3537 601 3611 ll'lylius
616 3537 758 3610 pagellam,
776 3555 856 3607 quam
872 3537 940 3591 inira
954 3538 1078 3592 dedimu's
1090 3539 1124 3593 ad
1138 3539 1212 3594 diem

306 3611 351 3666 29.
365 3608 458 3680 Septb.
473 3609 499 3665 b.
516 3627 539 3662 a.
554 3607 668 3661 fortasse
682 3605 778 3660 dixerit
792 3607 1006 3677 praefationem.)

1265 2891 1391 2940 caram
1406 2880 1552 2951 vocant,
1575 2861 1735 2934 exhibuit
1750 2864 1965 2956 nobisSpira
1985 2890 2049 2956 pro
2066 2853 2257 2937 unoChri-

1264 2986 1317 3042 sto
1336 2973 1436 3045 duos.
1488 2957 1650 3036 Carolus
1666 2967 1761 3036 enim
1775 2959 2081 3036 etFerdiuundus
2092 2969 2259 3038 laverunt

1265 3074 1415 3163 singuli,
1442 3086 1481 3141 ut
1497 3067 1582 3160 ipsis
1599 3070 1744 3160 solenne
1761 3083 1829 3153 est,
1850 3070 1955 3160 pedes
1970 3070 2157 3138 duodecim
2169 3095 2257 3162 pau-

1265 3199 1401 3266 perum.
1452 3171 1501 3242 Et
1523 3173 1560 3238 in
1577 3171 1634 3238 die
1652 3193 1850 3260 parasceves
1876 3171 1980 3240 multi
1997 3169 2166 3261 Hispani,
2194 3173 2255 3240 3111

1265 3299 1328 3346 sua
1342 3287 1478 3365 sponte,
1505 3273 1567 3341 alii
1581 3273 1693 3363 pretio
1715 3273 1891 3356 conducti,
1914 3273 2062 3360 flagellis
2076 3287 2256 3364 spectante

1264 3375 1393 3452 Carolo
1417 3376 1465 3462 ita
1489 3397 1525 3444 se
1547 3375 1765 3458 ceciderunt,
1791 3386 1888 3442 utet
1911 3374 2053 3462 sanguis
2074 3376 2258 3462 emanarit,

1266 3505 1337 3572 quo
1360 3489 1500 3570 peccata
1523 3499 1585 3544 sua
1606 3475 1797 3568 expiarent.
1848 3471 1898 3543 Et
1919 3475 2087 3546 dicuntur
2100 3478 2170 3544 iam
2190 3476 2257 3546 ali-

1266 3581 1330 3674 qui
1355 3605 1395 3650 ex
1416 3574 1471 3647 his
1494 3577 1636 3649 mortui.
1695 3575 1761 3644 His
1785 3565 1929 3669 ineptiis
1952 3577 2093 3647 comitia
2115 3591 2258 3668 protra-

1196 3727 1198 3731 ·
1266 3680 1414 3753 huntur.
1473 3677 1569 3748 Haec
1594 3679 1787 3770 spectacula
1812 3679 1905 3748 filius
1928 3677 1995 3747 Dei
2017 3679 2080 3748 diu
2101 3681 2260 3770 perferre

393 4115 600 4196 Brentius
632 4115 693 4197 acl
719 4115 1047 4199 Melanthonem.

292 4273 359 4344 †lix
373 4289 468 4343 apogr.
481 4269 510 4322 in
526 4271 586 4324 eod.
602 4271 685 4328 Paris.
704 4272 740 4326 D.
756 4273 786 4329 l...
804 4271 838 4326 51
846 4275 864 4326 ³.

225 4422 451 4504 Clarissimo
468 4429 546 4500 viro
565 4423 620 4498 D.
637 4421 865 4526 Philippo
891 4423 1216 4519 Melanthum,

364 4525 597 4600 Maioriano
618 4529 657 4599 in
675 4519 827 4600 Christo
845 4529 1081 4602 observando.

227 4636 273 4724 S.
301 4651 338 4717 in
360 4645 512 4719 Christo.
566 4649 700 4718 Misisti
724 4644 788 4718 hoc
813 4675 907 4719 anno
930 4655 971 4720 ad
993 4677 1047 4720 mc
1077 4651 1215 4720 crebras

227 4755 348 4824 literas
361 4765 438 4824 tuas
454 4751 576 4842 plenas
592 4747 833 4823 immanitatis.
885 4751 956 4820 Nec
979 4747 1045 4821 hoc
1069 4767 1215 4823 conten-

227 4937 437 4963 ...Ψ-πμ*

260 5049 293 5117 *i
311 5045 418 5115 Scripta
432 5045 504 5118 publ.
523 5045 558 5098 T.
574 5045 593 5099 1.
609 5065 633 5114 p.
648 5045 713 5098 ttb.
748 5045 895 5115 „Decessit
914 5045 964 5100 bac
984 5059 1063 5100 nocte
1085 5045 1216 5116 Magister

300 5119 440 5169 Martenses
450 5115 573 5186 lla-pius,
590 5115 667 5177 natue
681 5117 707 5168 io
724 5115 825 5185 oppidu
835 5113 934 5168 lirisiae
949 5114 1086 5168 orientalis
1100 5115 1214 5182 Esaeae,

298 5207 378 5253 quem
396 5185 569 5237 meritissimus
583 5203 677 5236 ttrtrues
692 5179 772 5237 inisse
787 5184 874 5239 virum
887 5185 1024 5238 eruditum
1034 5195 1059 5238 et
1072 5184 1216 5238 hunerium

299 5265 351 5308 stc.
371 5279 400 5296 ··
429 5255 492 5308 Die
506 5271 607 5308 coenae
621 5252 736 5306 donnini.
757 5269 829 5306 seno
845 5251 945 5307 liud·

262 5337 309 5408 *1)
329 5339 412 5394 Dion.
425 5337 608 5393 Melandrnns.

1266 3784 1407 3880 posset?
1458 3780 1651 3870 Non-feret.
1702 3775 1776 3850 Καὶ
1794 3783 1914 3850 ταῦτα
1929 3773 2000 3871 μὲν
2012 3775 2060 3873 δὴ
2072 3785 2206 3852 ταῦτα.

1367 3883 1483 3956 Filius
1504 3881 1659 3952 ministri
1676 3883 1747 3965 tui,
1774 3883 1830 3949 cui
1846 3883 1973 3950 dedisti
1996 3882 2115 3952 literas
2133 3885 2178 3951 ad
2195 3881 2262 3954 Se-

1268 4003 1390 4058 natum
1412 3987 1510 4055 urbis
1531 3997 1690 4068 nostrae,
1723 3983 1849 4052 maluit
1872 3985 2048 4076 suscipere
2072 3977 2262 4054 scholasti-

1268 4115 1344 4162 cam
1362 4087 1657 4157 ministrationem
1674 4085 1712 4152 in
1729 4085 1875 4176 oppido,
1888 4101 1928 4156 ut
1943 4086 2063 4172 audio,
2076 4078 2260 4186 Lauffrn,

1268 4215 1375 4284 quam
1397 4189 1517 4257 literas
1544 4202 1619 4256 tuas
1633 4187 1771 4256 senatui
1787 4189 1882 4260 dare.
1935 4183 2151 4257 Adolescens
2166 4189 2260 4258 alius

1269 4281 1475 4360 Eriardus
1494 4283 1685 4374 Blancus,
1718 4289 1783 4381 qui
1809 4302 1842 4359 et
1866 4290 1940 4379 ipse
1964 4287 2042 4359 tuas
2069 4290 2191 4358 literas
2216 4293 2261 4358 ad

1268 4419 1325 4463 me
1340 4392 1474 4472 attulit,
1498 4391 1606 4460 servit
1620 4404 1759 4460 nostrae
1777 4386 1929 4463 scholae.
1981 4389 2069 4458 lieri
2094 4393 2192 4460 misit
2216 4395 2261 4460 ad

1268 4519 1324 4564 me
1339 4509 1416 4563 tuas
1431 4492 1548 4560 literas
1564 4479 1714 4588 Cuspar
1729 4485 1916 4576 Loncrus,
1942 4489 2066 4562 Pastor
2081 4489 2263 4562 Ecclesiae

1267 4593 1556 4682 Nordlingiacae‚
1591 4619 1696 4686 quern
1718 4607 1810 4662 certe
1836 4595 1924 4662 meis
1944 4593 2089 4678 officiis,
2128 4595 2264 4687 quibus

1267 4719 1422 4789 possum,
1447 4696 1635 4778 adiuvabo,
1660 4697 1756 4786 qnod
1773 4719 1795 4763 a
1810 4709 1844 4764 te
1861 4699 2140 4774 commendatus,
2163 4699 2262 4790 quoti

1268 4798 1485 4892 symmistes,
1511 4801 1605 4888 qraod
1629 4797 1784 4880 vicinus,
1811 4799 1907 4890 quod
1931 4811 2012 4866 ante
2036 4794 2146 4882 mihi,
2180 4823 2262 4868 cum

1267 4894 1384 4968 adhuc
1418 4898 1456 4966 in
1491 4894 1741 4968 Marchionatu
1775 4900 1992 4989 praedicaret
2022 4895 2264 4989 Evangelium

1265 4995 1420 5082 Christi,
1449 5012 1553 5068 notus
1579 5001 1701 5084 fuerit,
1724 5003 1820 5093 quod
1844 5017 1877 5070 et
1900 5001 1992 5068 cives
2014 4999 2263 5092 Nordlingiaci

1268 5101 1469 5171 audiverint
1493 5123 1609 5169 meum
1635 5103 1678 5168 de
1701 5101 1777 5192 ipso
1795 5103 2038 5173 testimonium
2054 5103 2263 5198 priusquam

1269 5226 1349 5272 eum
1374 5215 1565 5275 vocassent.
1624 5199 1672 5271 Et
1695 5203 1855 5292 intelligo
1878 5205 1948 5272 iam
1974 5229 2015 5273 ex
2037 5205 2153 5276 literis
2177 5208 2264 5280 eius.

1270 5306 1364 5398 quod
1392 5305 1436 5372 sit
1466 5304 1533 5394 ipsi
1565 5303 1745 5392 negotium
1772 5329 1851 5374 cunr
1874 5303 2036 5386 Diacono
2060 5305 2266 5398 Cingliano,
