4704 5804
40 255 134 335 Ι168

65 433 232 526 vibusqoe
246 430 354 503 etiam
366 431 462 504 tristi
475 445 633 524 tempore
646 433 765 504 locum
787 453 861 502 esse
876 433 965 520 seio,
990 445 1045 504 ta-

63 559 139 606 men
158 558 236 606 non
258 535 335 602 sine
356 533 490 623 gemitu
514 547 689 627 utrunque
715 535 882 626 epistolae
909 547 1043 627 partem

62 637 135 727 legi.
186 633 278 726 Quis
302 634 399 704 enim
418 659 493 705 non
515 635 634 706 doleat
654 659 809 706 summos
829 629 1044 706 Monarchas

28 788 42 828 5.-
61 735 252 809 Christiani
265 735 421 806 nominis
437 736 532 808 inter
547 759 583 806 se
597 735 647 808 ita
664 737 807 822 ludere,
833 761 913 807 cum
931 734 1044 805 Turci

19 889 20 912 2
61 839 140 910 alibi
154 839 347 906 immanem
363 836 535 922 sevitiam,
557 860 647 928 pene
661 837 700 906 in
716 851 906 928 conspectu
921 847 1042 905 nostro

19 990 27 1030 3
61 951 247 1011 exerceant.
297 935 341 1006 ln
356 931 457 1006 Alba
484 935 605 1032 regia,
630 951 710 1031 post
735 937 952 1008 deditionem
974 935 1043 1006 tria

20 1093 39 1116 ³-
60 1041 166 1112 millia
181 1035 372 1109 hominum
381 1039 554 1110 trucidata
568 1053 663 1123 sunt,
677 1052 711 1110 et
726 1040 935 1108 cadaverum
947 1060 1044 1108 acer-

20 1195 23 1235 ;
59 1167 118 1213 vus
143 1140 253 1210 altior
274 1139 343 1208 tuit
362 1141 549 1228 moenibus
570 1141 681 1214 urbis.
730 1136 778 1210 Et
793 1164 890 1234 nunc
913 1139 1043 1230 passim

61 1247 96 1312 in
123 1241 275 1334 receptis
303 1241 443 1332 oppidis
469 1235 609 1312 honesti
633 1237 800 1310 homines
825 1241 1043 1328 iugulantur.

24 1399 27 1406 .
60 1342 191 1416 Recens
208 1342 304 1410 enim
321 1341 438 1432 accepi
453 1342 599 1414 litteras.
638 1339 751 1408 Video
767 1352 884 1409 autem
897 1338 1044 1429 patriae,

61 1443 312 1528 Ecclesiam,
352 1437 517 1525 Artium,
550 1431 769 1532 Disciplinae
803 1441 1045 1509 defensionem

61 1571 129 1616 non
142 1545 252 1614 modo
266 1543 339 1612 illis
353 1541 520 1611 fatalibus
536 1538 676 1632 Regum
690 1555 891 1612 nostrorum
911 1543 1045 1612 tumul·

20 1702 43 1720 .-
62 1649 164 1732 tibus,
200 1645 392 1714 sedetiam
415 1665 555 1714 caussae
570 1641 769 1738 Lycaoniae
793 1642 1046 1746 disputationi-

21 1737 27 1792 ss
61 1750 121 1820 hos
133 1745 321 1837 impediri,
341 1745 380 1814 id
397 1767 487 1836 quae
500 1767 582 1812 vere
603 1737 687 1838 περὶ
703 1740 793 1816 ὄνου
810 1747 914 1823 σκιᾶς
926 1743 1045 1832 litiga-

19 1839 32 1934 J
63 1863 124 1922 tur.
173 1846 249 1918 Nee
272 1845 391 1916 minus
411 1867 597 1914 succenseo
621 1840 695 1928 his,
721 1845 783 1938 qui
805 1845 845 1913 in
861 1841 970 1914 Curia
987 1868 1045 1913 so-

27 2007 44 2028 „
62 1947 242 2040 phistieam
257 1959 431 2031 exercent,
446 1971 553 2039 quam
567 1945 639 2014 illis
656 1946 786 2036 ineptis
801 1946 1045 2030 bellatoribus,

19 2040 35 2149 ’ς
64 2051 118 2144 qui
140 2064 212 2120 tam
230 2047 352 2118 futiles
373 2049 547 2118 tumultus
568 2059 724 2120 movent.
783 2041 861 2116 Odi
880 2059 1045 2136 argutum

21 2215 24 2222 .
64 2153 167 2222 civem
197 2150 276 2220 sine
315 2149 446 2220 virtute
487 2163 660 2241 tanquam
693 2147 894 2238 praeficem,
928 2148 1047 2241 inquit

23 2247 31 2322 ’.
63 2252 211 2326 Plautus.
264 2248 308 2319 ln
324 2251 471 2342 epistola
485 2263 545 2319 tua
561 2249 665 2340 plane
683 2248 870 2334 divinasti,
883 2249 963 2318 talis
978 2249 1046 2319 erit

24 2349 30 2396 Ὗ
65 2353 246 2445 disputatio
266 2353 310 2420 de
335 2374 455 2420 caussa
468 2348 685 2444 Lycaonica,
706 2349 846 2442 qualem
867 2350 1045 2420 describis.

21 2492 41 2522 ·.
65 2453 126 2525 Sed
139 2453 354 2538 viderimus,
378 2476 425 2521 ne
441 2449 507 2521 hae
522 2473 674 2540 nugaces
690 2451 786 2520 rixae
800 2473 969 2540 magnum
984 2452 1044 2520 in·

19 2547 38 2632 f?
66 2556 218 2626 cendium
233 2554 396 2627 excitent.
448 2550 583 2624 Verum
601 2547 689 2623 haec
703 2552 774 2622 iam
788 2553 925 2626 omitto.

31 2749 34 2758 ’
154 2727 320 2800 Omnino
336 2731 475 2799 decrevi
488 2731 528 2800 in
541 2730 715 2800 nundinis
731 2732 851 2798 advos
865 2731 1045 2822 expatiari.

68 2831 103 2903 Si
121 2856 200 2902 vero
221 2845 326 2902 antea
349 2834 540 2917 evocabor,
575 2845 695 2902 tamen
714 2831 782 2902 iter
803 2855 868 2922 per
889 2830 1045 2922 Lipsiam

22 2958 30 2965 ·’
70 2935 192 3004 laciam.

155 3117 301 3190 Sabino
316 3119 497 3212 pollicitus
522 3142 619 3204 sum,
645 3133 680 3190 te
701 3121 746 3188 ad
760 3119 895 3193 Ducem
913 3113 1046 3188 Albec-

21 3233 23 3240 '
70 3229 136 3290 tom
150 3225 192 3292 de
208 3223 286 3313 ipso
303 3221 519 3312 scripturum
541 3243 624 3294 esse.
676 3217 793 3289 Velim
815 3235 933 3292 autem
951 3221 1047 3291 litte-

22 3327 32 3363 *
68 3347 116 3393 ras
135 3325 273 3394 easdem
294 3322 433 3411 gemino
458 3322 615 3412 exemplo
640 3321 763 3407 scribi,
790 3347 942 3418 quorum
958 3323 1044 3392 alte-

68 3449 137 3494 rum
152 3425 276 3494 demus
292 3424 424 3494 nostris
441 3422 655 3506 tabellariis,
680 3423 830 3493 altemm
847 3425 916 3514 ipsi
932 3419 1046 3494 Sabi-

70 3549 126 3612 no,
141 3525 295 3596 decrevit
311 3523 405 3592 enim
423 3523 597 3614 proficisci
612 3523 650 3591 in
663 3520 898 3621 Prussiam*).
952 3521 1046 3616 Opi-

24 3705 36 3721 .
70 3651 126 3696 nor
143 3625 424 3697 commodissime
455 3625 578 3694 ambos
601 3647 667 3692 nos
695 3625 772 3694 istic
800 3626 838 3694 in
872 3626 1045 3696 nundinis

71 3730 249 3820 scripturos
262 3750 345 3796 esse.
395 3723 487 3794 Nam
508 3749 589 3795 eum
610 3724 741 3808 crimus
763 3717 947 3812 collocuti,
969 3751 1045 3796 ma-

25 3839 32 3874 ³
71 3830 113 3918 gis
126 3843 321 3919 congruent
334 3827 483 3900 litterae.
534 3822 613 3895 Etsi
637 3849 750 3894 meam
766 3829 1045 3899 commendatio-

26 3928 34 3943 '
70 3954 139 4000 nem
152 3929 442 3999 verecundiorem
459 3939 521 3996 tua
537 3950 609 3996 esse
624 3927 770 4000 decebit.
823 3923 1045 4021 Xenophon-

71 4045 129 4101 tem
141 4045 245 4102 tuum
260 4031 350 4119 legi,
375 4053 415 4099 ac
430 4029 634 4098 laudatione
649 4051 862 4121 magnopere
879 4031 1043 4103 delector.

70 4130 201 4202 Mallem
219 4144 337 4202 autem
354 4144 389 4200 te
401 4123 449 4201 τὰ
464 4123 634 4222 ἑλληνικά
652 4143 806 4215 vertere,
832 4128 937 4224 diram
958 4127 1045 4201 haec

71 4233 202 4308 minuta.
235 4231 328 4302 Nam
342 4225 589 4300 Pircomerica
605 4232 722 4324 qualia
739 4231 827 4315 sint,
851 4256 926 4303 non
942 4233 1044 4322 igno-

71 4357 127 4408 ras.
172 4334 221 4406 Et
238 4333 438 4418 veredicis,
462 4333 599 4403 nullam
615 4354 688 4401 esse
702 4328 886 4403 historiam
902 4335 1045 4404 suavius

72 4437 232 4526 scriptam.
275 4430 373 4503 Mihi
385 4458 468 4504 vero
491 4434 597 4504 etiam
610 4455 731 4504 rerum
745 4435 952 4524 magnitudo
969 4437 1045 4504 val-

73 4539 108 4605 de
120 4539 220 4626 digna
235 4535 437 4624 cognitione
451 4535 604 4608 videtur.
658 4533 756 4605 Bene
770 4537 867 4622 vale,
892 4536 949 4606 die
965 4550 1046 4630 ,ter-

73 4639 114 4708 tio
125 4652 199 4731 post
213 4639 378 4708 brumam
386 4629 459 4733 ”).

651 4761 747 4842 Phil.
769 4763 945 4840 Melanth.

72 4919 278 4936 Ἤ

102 5028 134 5095 *t
143 5028 202 5087 Vid.
216 5030 286 5084 hane
300 5027 378 5098 epist.
394 5027 422 5084 d.
434 5025 461 5083 4.
473 5025 534 5082 dan.
546 5021 620 5082 1544.

102 5114 146 5184 ⁸¹¹¹)
164 5115 226 5239 an
244 5131 317 5170 anno
337 5111 429 5184 1544,
452 5123 483 5168 ut
503 5113 593 5171 visum
613 5121 652 5167 est
671 5113 785 5182 editori,
815 5114 863 5170 sed
885 5133 949 5172 son.
972 5114 1046 5174 1548.

130 5205 194 5259 scrip
207 5205 231 5239 s.

634 253 1072 358 rmsronanuu
1120 253 1225 342 nm.
1264 261 1330 343 n.
1381 257 1514 338 asts

2009 257 2089 336 184

1943 433 2085 560 Q

1096 431 1165 508 No.
1178 431 1293 508 2817.

1104 527 1275 562 W

1484 593 1524 682 Ι.
1551 594 1700 684 Ionae.

1165 776 1237 850 ‘iffi
1253 775 1408 859 apographo
1425 773 1455 828 in
1469 773 1537 829 Cod.
1550 773 1718 856 biennem.
1738 773 1912 858 Nosti-p.
1926 771 1971 828 64.
2006 772 2085 842 Apo·

1220 845 1416 972 ppggppoe'tesgpp²
1424 842 1588 968 hippetpiir'pn
1601 843 1663 900 cod.
1675 844 1734 910 64.,
1750 863 1798 917 qur
1813 853 1854 898 est
1870 861 1900 897 sn
1920 838 2095 897 bibliotheca¹

1433 1065 1464 1140 I
1468 1076 1571 1141 usto
1596 1065 1755 1142 Ionae.

1096 1179 1215 1293 Quod
1230 1208 1433 1278 aviditatem
1450 1220 1548 1277 tuam
1563 1208 1749 1280 scribendo
1764 1231 1841 1280 non
1857 1206 1991 1298 expleo,
2011 1227 2086 1276 non

1096 1303 1136 1374 fit
1157 1307 1224 1376 filii
1242 1308 1297 1378 tui
1317 1308 1551 1398 negligentia,
1584 1309 1647 1402 qui
1668 1311 1773 1381 toties
1800 1310 1935 1400 flagitat
1953 1307 2088 1391 literas,

1095 1420 1137 1477 ut
1152 1409 1332 1480 interdum
1352 1403 1572 1480 stomachose
1586 1410 1771 1502 obiurgem
1793 1407 2088 1502 interpellantem,

1098 1512 1158 1578 sed
1175 1533 1216 1580 eo
1231 1511 1346 1580 rarius
1360 1511 1494 1595 scribo,
1518 1513 1614 1604 quod
1632 1535 1691 1598 ea,
1716 1513 1908 1608 dequibus
1930 1509 2088 1604 colloqui

1097 1611 1249 1682 solemus
1268 1635 1436 1694 eumuna
1458 1635 1604 1698 sumus,
1627 1613 1741 1684 literis
1761 1615 1929 1686 mandare
1944 1635 2019 1682 non
2041 1609 2088 1680 li-

1097 1724 1161 1786 cet.
1193 1711 1266 1786 Res
1277 1710 1433 1782 Gallicas
1450 1712 1521 1783 scio
1538 1726 1572 1784 te
1587 1737 1608 1782 a
1621 1739 1678 1784 me
1692 1740 1768 1788 non
1783 1715 1980 1810 requirere;
2003 1735 2088 1782 nam

1096 1808 1202 1884 isthic
1225 1815 1308 1886 satis
1329 1815 1450 1884 iussate
1468 1815 1788 1906 praedicabuntur,
1813 1833 1849 1890 et
1866 1816 1935 1887 alia
1951 1813 2088 1904 signifi-

1098 1939 1176 1986 care
1208 1917 1370 1996 mallem,
1411 1939 1501 2009 quae
1540 1915 1651 2006 magis
1682 1921 1729 1988 ad
1759 1942 1826 1990 nos
1855 1918 2087 2010 pertinerent,

1098 2040 1257 2110 quaeque
1280 2030 1312 2088 te
1335 2018 1422 2086 scire
1452 2018 1651 2108 prodesset,
1691 2014 1749 2092 iias
1767 2015 1850 2094 νεαὶ
1878 2013 1948 2090 εἶσὶ
1965 2039 2088 2114 παρα-

1099 2113 1227 2190 σκευαὶ
1235 2121 1280 2188 ad
1288 2133 1502 2192 conventum
1512 2113 1539 2214 ¹)
1557 2121 1601 2189 de
1609 2121 1747 2192 duabus
1754 2123 1862 2193 rebus
1876 2117 2088 2214 praecipuis,

1098 2221 1142 2288 de
1157 2217 1314 2291 Ecclesia
1337 2235 1372 2291 et
1387 2222 1431 2290 de
1448 2229 1536 2312 ‘pace
1552 2217 1776 2298 Germaniae.
1827 2221 1899 2294 Sed
1922 2223 1966 2292 de
1987 2233 2088 2291 utra-

1098 2345 1220 2414 quere
1239 2323 1309 2392 scio
1331 2323 1448 2392 nullas
1470 2344 1542 2392 esse
1568 2322 1675 2394 serias
1700 2323 1982 2397 deliberationes.
2032 2317 2088 2390 De

1098 2423 1234 2493 exuviis
1246 2422 1423 2518 Lycaonis
1437 2423 1597 2492 assiduae
1616 2437 1650 2494 et
1663 2426 1787 2496 anxiae
1808 2437 1892 2496 sunt
1912 2423 2088 2494 delibera-

1097 2524 1212 2594 tiones
1227 2529 1306 2599 τῶν
1320 2517 1609 2620 νομοφυλάκων.
1637 2523 1712 2598 Nos
1735 2527 1844 2618 igitur
1869 2548 2008 2604 cansam
2025 2547 2088 2592 ve-

1098 2639 1205 2695 stram
1229 2641 1264 2696 et
1277 2625 1456 2696 Ecclesiae
1477 2623 1554 2696 Deo
1583 2631 1886 2710 commendamus,
1919 2626 1982 2720 qui
2002 2625 2088 2694 satis
2185 2642 2194 2658 ⁸

1098 2727 1230 2796 illustri
1254 2742 1288 2798 et
1312 2727 1469 2820 evidenti
1489 2727 1691 2800 testimonio
1706 2729 1917 2816 declaravit,
1938 2751 1974 2797 se
1995 2725 2089 2796 affici

1098 2851 1180 2898 eura
1204 2828 1335 2914 nostri,
1364 2853 1444 2898 cum
1472 2824 1665 2898 humanam
1692 2843 1856 2902 naturam
1878 2843 2021 2902 aeterno
2053 2841 2089 2895 et

1098 2929 1275 3008 immobili
1290 2931 1431 2998 soedere
1446 2929 1515 3000 sibi
1528 2931 1725 3020 copulavit,
1751 2933 1835 3026 quia
1848 2933 1962 3014 filius,
1989 2924 2009 3001 ὃ
2026 2921 2088 3000 16-

1097 3054 1182 3128 yoe,
1208 3025 1400 3100 humanam
1415 3045 1577 3102 naturam
1600 3033 1800 3126 assumpsit.
1849 3031 1949 3122 Quid
1971 3030 2089 3124 potuit

1098 3155 1171 3200 esse
1194 3133 1308 3202 maius
1331 3133 1461 3201 amoris
1486 3133 1542 3201 vel
1562 3133 1804 3220 testimonium
1816 3183 1819 3192 .
1831 3135 1890 3204 vel
1920 3155 2088 3208 ....cu-

1098 3233 1221 3302 dium?
1271 3230 1388 3303 Huius
1403 3233 1555 3302 foederis
1576 3237 1817 3308 consolatione
1839 3258 1906 3306 nos
1927 3234 2089 3305 console·

1097 3357 1175 3404 mus
1193 3347 1227 3404 et
1241 3347 1400 3404 nostram
1415 3349 1569 3426 spartam
1584 3361 1768 3426 ornemus,
1792 3361 1833 3408 ac
1853 3335 2032 3430 principes
2054 3347 2090 3402 et

1096 3436 1259 3526 politicos
1279 3433 1356 3506 Deo
1385 3439 1693 3528 commendemus,
1733 3435 1870 3534 hosque
1900 3438 1970 3530 piis
1995 3436 2088 3506 votis

1097 3538 1278 3623 iuvemus;
1302 3537 1450 3609 consilia
1466 3540 1562 3609 enim
1576 3565 1652 3612 non
1667 3541 1830 3618 audiunt.
1879 3538 1923 3615 B.
1940 3533 2025 3632 V.²)

1110 3899 1175 3972 No.
1190 3901 1306 3973 2818.

1106 3996 1317 4034 Μ

1941 3915 1999 3977 1⁷.
2011 3905 2088 3971 Dee.

1935 4001 2072 4031 w

1457 4069 1495 4153 1.
1527 4068 1721 4154 Brentio.
1778 4169 1784 4178 .

1163 4229 1249 4307 Epist.
1265 4229 1315 4286 lib.
1329 4229 1377 4286 Vl.
1392 4248 1419 4298 p.
1431 4229 1484 4287 896
1497 4251 1538 4305 sq.
1554 4263 1591 4276 --
1614 4231 1668 4289 llic
1681 4251 1713 4287 er
1727 4230 1894 4306 autographo
1908 4231 1937 4286 in
1951 4233 2013 4290 eod.
2022 4234 2087 4290 Mo·

1199 4319 1259 4356 nac.
1274 4299 1296 4354 1.
1312 4319 1353 4372 ep.
1367 4299 1427 4355 872.

1097 4433 1259 4516 Clariss.
1286 4440 1430 4512 viro—
1452 4437 1507 4512 D.
1532 4437 1750 4514 Iohanni
1770 4438 1983 4526 Brentio,
2008 4436 2089 4514 Pa-

1095 4541 1195 4612 stori
1217 4539 1407 4614 Ecclesiae
1430 4541 1470 4612 in
1499 4541 1586 4614 urhe
1607 4539 1832 4615 Salinarum
1849 4539 2087 4617 Suevicarum

1423 4643 1543 4716 arnico
1557 4671 1625 4716 suo
1639 4646 1768 4722 coriss.

1097 4757 1143 4852 S.
1161 4776 1208 4851 D.
1248 4778 1375 4851 Subito
1394 4775 1486 4850 hanc
1499 4777 1695 4874 Epistolam
1710 4781 1844 4873 scripsi.
1895 4778 2017 4869 Quare
2040 4794 2088 4866 te,

1097 4905 1184 4972 rogo
1201 4893 1241 4951 ut
1262 4882 1427 4954 brevitati
1442 4883 1581 4952 veniam
1603 4885 1676 4956 des.
1725 4881 1818 4952 Nam
1840 4885 1937 4977 quod
1957 4884 2002 4952 ad
2024 4905 2088 4953 eu-

1098 4983 1283 5086 piditatem
1305 5009 1420 5054 meam
1446 4985 1590 5070 attinet,
1615 4997 1707 5056 certe
1729 4997 1846 5056 tecum
1867 4997 1902 5054 et
1915 5006 2033 5055 coram
2053 4997 2088 5054 et
2180 5027 2184 5034 ·

1059 5319 1064 5326 ’
1133 5315 1159 5383 1)
1177 5311 1220 5367 Ad
1232 5309 1353 5366 Consilia
1365 5308 1519 5382 Spirensis,
1536 5309 1647 5366 ineunte
1662 5329 1736 5367 anno
1752 5312 1827 5369 1544.
1842 5309 1944 5386 habits.

1051 5419 1054 5426 ’
1130 5400 1158 5468 2)
1178 5394 1248 5451 Cod.
1260 5393 1336 5454 Paris
1350 5395 1439 5472 addita
1457 5393 1540 5452 (1.18.
1554 5393 1734 5453 ὓοο1).1546.
