4722 5808
186 220 263 304 856

198 397 266 471 No.
280 395 396 471 3274.

200 495 413 533 Μ

469 593 621 683 Iooob.
645 591 908 680 Camerario.

261 757 345 829 Epist.
360 759 394 812 ad
406 757 548 815 Camerar.
565 778 593 832 p.
607 758 659 814 540
672 777 712 832 tq.
731 759 785 830 (ed.
797 758 885 816 Lond.
899 759 946 816 lib.
958 759 1006 820 lV.
1021 779 1049 832 p.
1062 759 1147 827 688.).

780 209 1220 296 EPISTOLARUM
1277 218 1384 300 LlB.
1411 221 1475 296 lx.
1527 221 1662 304 1⁵45.
2163 224 2243 306 856

987 399 1063 482 (hoc
1077 399 1188 484 temp.)
1234 387 1448 467 Reverendo
1476 395 1573 486 viro,
1597 393 1799 469 eruditione
1823 407 1855 468 et
1878 400 2007 471 virtute
2020 402 2239 498 praestanti,
2354 495 2355 500 ἵ

1005 493 1177 520 '⁶‘
1235 494 1775 598 D.lnooboProbest,o¹),
1792 494 1947 574 Pastori
1959 497 2241 575 EcclesioeDei
2354 503 2355 508 ’

1237 599 1276 670 in
1300 599 1387 670 urbe
1412 597 1628 687 Bremensi,
1643 601 1776 675 'amieo
1800 627 1873 674 suo
1896 605 2004 676 veteri
2029 615 2060 676 et
2092 601 2239 677 choris-

1611 704 1729 792 simo,
1755 701 1795 778 S.
1820 701 1876 781 D.

864 911 871 928 ‚
1185 911 1192 928 ⁴
1237 815 1462 910 charissime
1483 838 1528 914 D.
1556 839 1703 928 lacobe,

194 902 419 983 Clarissimo
446 910 526 996 viro
548 908 750 982 eruditione
774 922 806 982 et
834 919 963 984 vertute
981 921 1190 1012 praestante
1237 942 1327 1022 lam,

245 1008 495 1084 lonchimo
511 1006 633 1086 Com.
659 1008 751 1089 Pet.
779 1013 899 1086 amico
918 1039 986 1085 suo
1011 1015 1139 1086 cariss.

1744 839 1950 913 Meministi
1973 867 2089 914 meam
2112 870 2239 939 quere-

1353 943 1504 1035 inqua,
1538 968 1618 1013 curn
1641 945 1779 1014 adesses
1805 969 1901 1014 anno
1925 947 2128 1038 superiore,
2165 950 2240 1020 dis-

1238 1043 1423 1134 putabam,
1450 1043 1633 1138 Principes
1657 1048 1730 1117 suis
1755 1046 1966 1139 quibusdam
1993 1049 2177 1120 affectibus
2206 1066 2242 1120 et

191 1123 237 1215 S.
262 1145 307 1216 D.
357 1143 435 1219 Etsi
450 1149 596 1220 fratrem
613 1173 733 1220 meum
750 1173 849 1235 amo,
875 1175 980 1244 quem
998 1152 1142 1244 quidem
1159 1165 1192 1220 et
1238 1143 1326 1246 sibi,
1350 1159 1383 1214 et
1399 1143 1586 1234 Ecclesiis,
1613 1171 1789 1220 accersere
1802 1149 1971 1240 pericula.
2026 1149 2067 1218 ld
2089 1151 2161 1220 iam
2183 1175 2242 1221 res

194 1272 216 1317 a
237 1264 270 1319 te
293 1251 403 1319 amari
426 1275 500 1320 non
524 1252 815 1336 dubito„tamen
839 1277 884 1322 ne
906 1267 1028 1344 putato
1052 1279 1108 1323 me
1132 1277 1193 1324 us·
1239 1248 1405 1320 ostendit·
1457 1247 1529 1320 Sed
1554 1275 1696 1322 oremus
1720 1249 1856 1330 Deum,
1882 1264 1924 1321 Ul
1946 1265 2063 1321 servet
2084 1266 2119 1322 et
2140 1269 2241 1343 regat

196 1375 304 1446 quam
326 1353 497 1422 libentius
518 1355 694 1425 victurum
720 1379 826 1447 quam
848 1358 942 1448 apud
967 1369 1017 1438 te,
1044 1380 1089 1424 ne
1112 1357 1193 1449 qui.
1238 1347 1413 1420 Ecclesias
1431 1372 1521 1420 suas.
1573 1351 1767 1444 Videmus,
1792 1375 1860 1422 nos
1874 1377 1949 1422 nou
1964 1349 2096 1424 habere
2111 1349 2241 1424 buma-

198 1457 280 1524 dem
302 1456 396 1545 apud
419 1456 584 1541 fratrem,
610 1456 648 1523 in
669 1457 744 1526 solo
770 1458 905 1548 patrio,
941 1457 970 1526 si
992 1482 1072 1528 meo
1097 1459 1193 1528 arbi.
1230 1475 1285 1540 ,na
1302 1452 1495 1542 praesidia,
1524 1467 1559 1524 et
1577 1467 1695 1525 tamen
1718 1457 1757 1524 in
1782 1455 1917 1544 politiis
1938 1469 2078 1547 oportet
2093 1458 2240 1530 versari.
2354 1533 2355 1542 χ

197 1555 267 1626 trio
290 1557 604 1650 sedesquaerenda
628 1571 727 1628 esset.
779 1557 848 1630 Sed
865 1559 904 1628 in
920 1584 1009 1652 quae
1024 1561 1194 1651 tempore,
1240 1551 1313 1622 Has
1346 1579 1487 1648 quoque
1513 1570 1552 1626 ut
1581 1559 1748 1628 defendat
1772 1553 1887 1641 Deus,
1917 1581 2069 1631 oremus.
2129 1557 2240 1648 Quod

195 1655 232 1728 'et
248 1659 412 1747 negocia,
438 1660 494 1728 vel
508 1661 627 1750 potius
651 1660 690 1728 in
705 1683 794 1752 quos
809 1661 939 1732 fluctus
953 1661 1194 1746 inciderimus,
1241 1654 1393 1726 Senatus
1420 1671 1532 1727 vester
1557 1658 1614 1728 ius
1635 1659 1875 1730 constituendi
1890 1661 2090 1732 sacerdotes
2105 1683 2125 1728 a
2143 1659 2241 1730 Pon-

197 1760 308 1832 vides.
368 1758 460 1830 Fero
486 1762 597 1850 igitur
618 1762 780 1848 exilium,
820 1759 980 1856 mihique
1005 1789 1085 1834 cum
1108 1765 1195 1834 alias
1241 1753 1437 1854 tibce²)ad
1451 1783 1487 1827 se
1504 1763 1702 1848 transtulit,
1725 1773 1819 1831 recte
1835 1760 1934 1843 iecit,
1959 1757 2151 1846 sed,·haec
2167 1765 2244 1832 dno

198 1861 459 1932 consolationes
472 1887 645 1954 propono,
661 1879 736 1934 turn
751 1888 833 1932 vero
851 1860 942 1934 banc
958 1866 1196 1958 praecipuam,
1243 1860 1348 1929 etiam
1366 1873 1533 1952 praestet,
1557 1863 1693 1949 videat,
1715 1878 1755 1934 ut
1772 1875 1865 1931 recte
1882 1863 2049 1944 collocet,
2075 1865 2243 1934 videlicet

199 1965 297 2058 quod
325 1965 397 2032 scio
422 1965 461 2032 in
483 1966 586 2034 terris
609 1967 734 2035 durius
760 1967 866 2036 etiam
899 1968 1056 2036 exulasse
1080 1969 1195 2038 filium
1242 1963 1286 2030 ad
1308 1985 1393 2031 usus
1414 1961 1679 2035 Ecclesiasticus
1709 1982 1742 2036 et
1766 1965 1903 2048 studia,
1936 1966 2041 2050 item,
2075 1989 2122 2036 ne
2143 1979 2243 2036 metu

198 2061 278 2138 Dei.
337 2063 427 2135 Nam
450 2090 506 2135 me
529 2068 617 2138 scito
642 2069 788 2136 exilium
814 2092 959 2148 vocare,
992 2069 1196 2164 ubicunque
1242 2065 1367 2134 reddat
1392 2059 1465 2150 boc·
1485 2065 1541 2134 ius
1564 2069 1771 2156 pontificiis,
1799 2065 1863 2158 qui
1887 2067 1925 2133 in
1949 2080 2097 2159 quaestu
2123 2069 2244 2138 solent

200 2191 279 2238 sum
300 2168 377 2236 sine
400 2168 471 2238 tuis
485 2169 729 2254 sermonibus,
755 2182 789 2239 et
804 2183 865 2240 tuo
882 2184 1083 2262 conspectu.
1134 2170 1196 2241 Me
1242 2161 1329 2234 baec
1347 2161 1581 2240 iurababere.
1615 2157 1728 2262 Saepe
1743 2171 1812 2259 iam
1829 2189 1950 2238 sumus
1968 2169 2243 2263 experti,quam

84 2269 89 2280 '
199 2271 396 2339 necessaria
421 2271 566 2360 negocia
581 2269 687 2363 Reip.
702 2285 842 2342 nostroe
857 2274 1098 2359 retinuerunt,
1125 2299 1196 2368 quo
1243 2267 1386 2356 fragiles
1403 2269 1473 2336 sint
1490 2284 1676 2360 potentum
1692 2273 1912 2351 voluntates,
1939 2271 2043 2341 etiam
2067 2271 2106 2339 in
2128 2272 2244 2341 causis

199 2371 320 2442 minus
336 2396 418 2440 mox
437 2373 613 2461 ingressus
630 2373 697 2442 sim
712 2374 780 2442 iter
793 2376 838 2443 ad
854 2367 1069 2450 Ascanium.
1119 2375 1197 2445 Lit-
1243 2370 1356 2442 iustis.
1408 2369 1565 2439 Salutem
1589 2386 1673 2464 opto
1699 2372 1742 2446 D.
1763 2369 1909 2441 Ioanni
1928 2367 2187 2442 Amsnrdamo
2208 2388 2244 2444 et

201 2489 296 2543 terae
313 2475 408 2544 enim
426 2475 605 2546 adaulam
620 2476 812 2544 mittendae
835 2491 935 2546 erant
953 2479 996 2546 de
1012 2472 1197 2547 scholasti·
1243 2469 1287 2543 D.
1304 2469 1454 2540 Consuli
1475 2469 1682 2550 Vasmono.
1733 2474 1832 2546 Bene
1848 2475 1936 2546 vale.
1967 2473 2025 2558 17.
2041 2475 2242 2568 Septembr.

203 2576 271 2660 cis,
286 2576 416 2668 quibus
431 2577 563 2646 dantur
576 2576 767 2668 stipendia:
794 2577 876 2646 misi
894 2578 977 2647 etin
996 2574 1197 2648 Marchiam
1244 2569 1287 2641 A.
1308 2567 1417 2644 1545.

201 2676 447 2762 tabellarium,
477 2679 540 2770 qui
562 2681 722 2748 nondum
743 2679 860 2752 rediit.
918 2678 1043 2750 Postea
1068 2705 1108 2750 en
1129 2705 1197 2750 no-

202 2794 275 2850 stra
291 2781 371 2848 aula
396 2774 572 2874 ἐπέμφθη
586 2775 678 2875 πρὸς
689 2775 788 2873 ἡμᾶς
801 2773 910 2878 λόγος
926 2780 1198 2877 συμβουλευτι-

203 2876 268 2961 κὸς
280 2876 470 2980 γραφθείς
485 2881 525 2952 ἐν
540 2874 640 2952 πόλει
652 2876 882 2978 τροιζῆνι*),
905 2877 1199 2980 παρακελεύομε-

201 3007 267 3062 νος
276 2981 547 3078 προκαλεῖσθαι
555 2978 747 3076 διαιτητὴν
756 2980 824 3056 τὸν
832 2977 993 3077 κάρολον
1008 2981 1091 3078 περὶ
1108 2981 1153 3056 do
1180 3030 1198 3042 -

203 3077 345 3178 μάτον,
371 3079 455 3178 περὶ
478 3073 532 3156 ὧν
554 3081 859 3180 ἀμφισβητοῦσιν
883 3081 974 3178 ἡμῖν
998 3085 1034 3158 οἱ
1057 3082 1142 3158 ἀντί
1167 3113 1199 3157 ι-

203 3211 273 3257 κοι.
327 3183 382 3255 Ex
401 3211 441 3254 eo
465 3186 594 3276 scripto
617 3189 792 3272 intellexi,
816 3212 885 3280 quo
902 3190 1065 3278 spectarit
1083 3213 1198 3258 sermo

204 3275 472 3366 Comerstodii‚
499 3311 603 3378 quem
624 3283 715 3356 mihi
737 3289 899 3361 narrasti.
952 3289 1022 3360 Sed
1039 3286 1123 3359 haec
1140 3315 1200 3359 co-

205 3413 293 3460 ram.
346 3386 435 3458 Nam
455 3389 593 3456 decrevi
619 3389 649 3456 si
663 3402 764 3458 antea
780 3415 854 3458 non
869 3391 988 3463 licebit
1005 3416 1199 3476 excurrere,

204 3506 325 3561 tamen
347 3491 390 3558 ad
416 3487 613 3559 Mercatum
638 3490 728 3561 istnc
754 3493 884 3563 venire.
943 3489 1077 3561 Tecum
1104 3493 1198 3562 enim

203 3595 325 3664 deluo
344 3592 490 3682 negocio
506 3592 607 3686 loqui
624 3593 739 3685 cupio.
774 3589 868 3663 Mihi
886 3592 1028 3665 videtur
1044 3595 1198 3686 primum

134 3699 135 3702 ’
203 3695 423 3764 instituenda
448 3717 521 3764 esse
543 3695 666 3786 petitio
690 3695 765 3765 eius
788 3696 895 3780 iuris,
926 3711 967 3766 ut
988 3712 1134 3782 vocant,
1159 3710 1200 3766 ut

204 3811 325 3868 tenere
347 3791 599 3866 haereditatem
626 3798 747 3888 possis.
798 3798 838 3869 si
863 3799 1198 3888 tergiversabuntur,

204 3913 290 3968 tunc
306 3899 448 3968 demum
472 3900 516 3968 ad
535 3899 604 3968 alia
623 3899 770 3969 consilia
786 3901 1047 3970 decurrendum
1064 3925 1199 3973 censeo.

205 3997 304 4070 Bene
337 4013 371 4069 et
396 3999 547 4072 feliciter
578 4002 657 4071 vale
682 4027 762 4072 cum
786 4003 932 4076 suaviss.
953 4017 987 4072 et
1015 3996 1200 4074 honestiss.

149 4141 155 4151 ·
207 4101 356 4192 coniuge
376 4115 410 4174 et
424 4115 497 4174 tota
513 4099 671 4174 Ecclesia
686 4105 887 4175 domestica.

771 4284 959 4383 Philippus
976 4283 1150 4363 Melanth.

208 4699 275 4775 Ne.
292 4695 405 4774 3275.

215 4797 387 4828 Μ

1024 4705 1202 4830 Q.

538 4899 629 4982 Ioe.
659 4899 883 4984 Proiecto.

276 5066 296 5126 †
313 5059 378 5114 Era
400 5078 460 5132 ogr.
473 5059 502 5114 in
516 5060 578 5117 cod.
597 5059 681 5118 Goth.
695 5062 753 5120 188.
766 5083 809 5135 ep.
825 5065 865 5120 15.
883 5073 911 5120 et
924 5062 953 5118 iu
967 5063 1030 5122 cod.
1048 5062 1132 5122 Goth.
1144 5065 1202 5123 189.

309 5148 336 5199 p·
390 5170 397 5186 ι
574 5153 577 5162 .

213 5308 407 5319 .....—......

243 5400 273 5469 ¹¹¹)
293 5400 422 5457 Drcsdae.

1757 2670 1946 2772 Philippus
1961 2676 2191 2754 Melantbon.

2060 2921 2241 2932 ...ιι-ιη...-

2064 3089 2119 3152 17.
2136 3080 2245 3168 Septb.

2058 3173 2233 3202 Μ

1554 3269 1605 3356 G.
1636 3271 1958 3364 Buobbolzero.

1401 3432 1497 3487 Manlii
1516 3433 1616 3506 farrag.
1635 3435 1687 3489 384
1703 3454 1746 3507 sq.

1270 3585 1485 3662 Reverendo
1520 3592 1618 3680 viro,
1651 3589 1705 3667 D.
1740 3587 1947 3690 Georgia
1973 3593 2218 3669 Bucbhol-

1400 3702 1517 3779 tzcr,
1545 3703 1605 3766 eto.
1632 3695 1751 3766 amico
1769 3721 1837 3766 suo
1859 3689 2093 3785 charissimo,

1245 3068 1440 3195 Q.

1245 3809 1290 3899 S.
1317 3827 1362 3901 D.
1414 3825 1625 3899 Reverendo
1642 3831 1697 3900 vir
1718 3845 1753 3902 et
1768 3833 1879 3902 amice
1896 3829 2110 3910 charissime.
2160 3835 2247 3910 Etsi

1246 3932 1381 4000 familia
1397 3955 1494 4000 meae
1513 3955 1652 4002 mensae
1669 3933 1825 4002 assidens
1842 3959 1930 4024 pene
1949 3950 2060 4008 totam
2080 3955 2247 4030 occupat:

1247 4047 1366 4104 tamen
1390 4033 1473 4101 liliis
1497 4035 1568 4103 tuis
1585 4035 1701 4104 locum
1719 4035 1938 4122 tribuissem,
1964 4041 2246 4112 si.c0nvictores

1248 4135 1318 4204 mei
1335 4159 1407 4204 esse
1422 4136 1628 4210 volnissent.
1676 4135 1761 4207 Fuit
1778 4153 1894 4209 autem
1912 4133 2030 4211 Nota
2049 4165 2151 4234 saepe
2169 4168 2246 4212 me-

1249 4261 1340 4310 cum.
1373 4235 1459 4307 Tibi
1475 4238 1633 4326 gratulor
1647 4261 1667 4306 a
1679 4236 1755 4308 Deo
1771 4239 1864 4309 filios
1879 4241 2029 4312 donatos
2045 4267 2137 4328 esse,
2154 4271 2245 4338 quo-

1248 4363 1329 4408 rum
1353 4340 1398 4408 ad
1418 4338 1537 4408 literas
1559 4355 1593 4410 et
1617 4343 1661 4410 ad
1682 4340 1850 4410 virtutem
1875 4345 2012 4434 egregia
2030 4362 2081 4425 est
2096 4347 2247 4417 indoles.
2354 4405 2355 4422 .

1249 4435 1303 4511 Ae
1326 4463 1428 4532 spero
1442 4437 1558 4510 Deum
1580 4443 1666 4533 ipsis
1687 4443 1894 4514 adiuturum
1918 4469 2008 4533 esse,
2041 4449 2138 4518 iuxta
2160 4473 2246 4539 pro·
2354 4517 2355 4524 ,

1248 4542 1467 4611 missionem:
1497 4539 1689 4615 Generatio
1708 4559 1886 4616 rectorum
1901 4549 2140 4620 benedicetur.
2190 4549 2246 4620 De

1250 4645 1406 4713 carmine
1436 4644 1502 4712 filii
1536 4648 1693 4733 edendo,
1725 4671 1805 4718 cum
1837 4647 2066 4743 typographis
2092 4645 2247 4722 bdeliter

1250 4769 1361 4836 adam·
1642 4830 1647 4836 .
2021 4831 2025 4836 .

1352 4845 1391 4918 Si
1408 4847 1536 4940 stylum
1555 4849 1592 4916 in
1609 4875 1666 4918 me
1680 4851 1827 4942 stringet
1841 4877 1941 4922 meus
1957 4853 2144 4938 inimicus,
2171 4855 2243 4923 ior-

1249 4950 1350 5021 tassis
1366 4961 1510 5042 propter
1526 4952 1707 5022 doctrinae
1729 4977 1832 5025 verae
1849 4955 2170 5048 propugnationem
2186 4981 2243 5026 re-

1254 5143 1368 5154 -..υ-φ-
1377 5141 1475 5152 uun—-

1286 5256 1316 5325 t)
1334 5253 1404 5311 coa.
1417 5255 1500 5313 Gotb.
1517 5257 1576 5312 189.
1596 5255 1713 5333 Iacobo,
1734 5259 1869 5330 Praepos.
1885 5261 1985 5319 Brem.

1282 5341 1400 5482 ”304
1413 5341 1498 5398 Goth.
1515 5342 1573 5398 189.
1594 5342 1674 5400 babet
1691 5380 1790 5402 .....
1808 5347 1971 5419 Pont'fioim
1990 5359 2071 5423 puto:
2091 5351 2154 5406 r'ern
2170 5370 2239 5422 pon·

1332 5430 1413 5467 ιισιο.
