4704 5804
98 227 172 302 209

96 629 176 673 mur
190 609 342 697 quadam
358 603 541 692 diligentia
557 604 664 693 digna
682 606 751 696 piis
769 619 802 676 et
818 607 977 680 eruditis.
1011 602 1087 692 Ego

94 705 239 796 quidem
255 732 318 776 oro
333 699 449 772 Deum
468 719 652 775 aeternum
667 721 802 798 patrem
822 709 958 777 domini
974 707 1087 777 nostri

94 801 171 875 lesu
187 802 341 888 Christi,
366 819 405 874 ut
420 819 564 896 propter
579 806 693 876 lilium
708 833 765 878 me
781 809 908 897 spiritu
926 831 990 876 suo
1005 831 1086 876 san-

93 917 145 974 cto
162 917 276 992 regat,
301 906 394 974 sient
415 902 696 978 dixitChristus:
728 906 799 998 οὐχ
818 902 925 998 ὑμεῖς
948 903 1028 978 ἐστὲ
1051 905 1087 980 oi

92 1009 286 1086 λαλοῦντες
306 1001 400 1077 ἀλλὰ
422 1003 466 1078 τὸ
491 1012 639 1098 πνεῦμα
659 1013 729 1082 τοῦ
749 1005 890 1103 πατρὸς
910 1003 1022 1100 ὑμῶν
1042 1006 1085 1082 τὸ

92 1109 229 1176 λαλοῦν
243 1104 284 1178 iv
305 1102 412 1198 ὑμῖν.
462 1107 602 1202 Spiritu
623 1125 743 1182 sancto
764 1111 952 1180 flectantur
974 1112 1086 1180 animi

92 1207 203 1276 nostri
229 1209 273 1276 ad
297 1209 474 1294 salutaria,
532 1209 582 1282 Et
606 1235 684 1283 mea
713 1211 862 1284 consilia
892 1213 959 1274 seis
983 1229 1086 1298 saepe

92 1309 196 1377 luisse
211 1303 505 1404 συμβιβαστικά.

190 1439 278 1510 Vidi
306 1441 442 1511 editum
474 1463 493 1510 a
523 1454 556 1510 te
584 1439 746 1510 libellum
770 1431 947 1533 Agendae
969 1437 1085 1522 titulo,

92 1541 152 1634 qui
168 1527 259 1611 mihi
272 1543 399 1633 placet.
450 1540 490 1612 Si
507 1541 544 1610 iu
560 1537 766 1610 huiusmodi
782 1541 907 1611 formis
929 1565 968 1608 ac
992 1539 1085 1630 poli-

91 1643 146 1712 tiis
166 1644 332 1714 ecclesiae
353 1645 457 1712 etiam
475 1643 647 1712 iudicium
665 1643 936 1712 ecclesiasticum
952 1641 1085 1710 consti-

92 1745 141 1813 tui
163 1759 301 1835 posset,
342 1759 381 1815 ut
402 1745 530 1814 alicubi
557 1739 724 1814 inchoata
748 1767 802 1812 res
824 1757 895 1829 est,
932 1742 1085 1812 exerceri

94 1845 257 1936 privatim
280 1847 318 1916 in
341 1845 500 1935 singulos
521 1857 743 1914 contumaces
768 1845 1084 1914 excommunicatio

93 1961 219 2038 posset.
274 1946 380 2018 Nunc
403 1948 441 2016 in
464 1943 531 2016 hac
553 1947 784 2038 dissipatione
808 1947 972 2016 ecclesiae.
1001 1947 1085 2014 satis

95 2063 159 2132 est,
201 2064 237 2118 te
256 2073 321 2139 pro
345 2049 516 2118 concione
545 2073 743 2140 proponere
771 2049 1083 2118 comminationem

95 2151 233 2220 divinae
255 2151 325 2218 irae
342 2165 375 2220 et
391 2173 585 2242 poenarum
602 2149 770 2220 adversus
787 2163 1029 2233 contumaces,
1042 2161 1086 2218 'et

40 2293 45 2304 ι
95 2252 258 2342 privatim
280 2275 338 2321 eos
358 2275 477 2321 arcere
499 2275 518 2322 a
535 2275 642 2320 coena
658 2251 814 2338 domini,
840 2252 870 2320 si
888 2250 951 2343 qui
966 2264 1085 2320 tamen

96 2355 135 2422 ed
159 2377 236 2423 eam
260 2355 422 2422 accedere
445 2353 589 2439 volunt3
628 2377 710 2422 uam
742 2351 847 2422 multi
877 2343 1085 2423 αὐτοκατά-

96 2479 206 2546 rpsrot
229 2455 437 2548 relinquunt
460 2455 651 2528 ecclesiam.
702 2451 870 2524 Carmina
886 2455 985 2524 brevi
1002 2454 1084 2523 mit-

97 2569 173 2628 tam.
226 2555 281 2626 Te
296 2557 422 2624 vellem
439 2581 584 2647 prorsus
598 2551 692 2626 nihil
708 2557 924 2648 respondere
941 2556 1086 2623 insulsis

97 2658 278 2855 pg‘ptpstrip
292 2651 530 2754 Bavaricis*).
582 2655 679 2728 Bene
696 2659 784 2732 vale.
812 2659 846 2732 d.
862 2657 923 2732 25.
936 2653 1085 2728 Octobr.

105 2993 1078 3010 —mm-on——nmum———b-

99 3155 284 3282 QG·
919 3163 1003 3240 (θοὰ
1021 3159 1067 3239 d·)

907 3251 1080 3282 Μ

174 3341 396 3426 Iudicium
417 3341 472 3426 de
492 3345 763 3453 impositione
782 3369 1003 3428 manuum.

161 3519 272 3574 Editum
286 3539 301 3573 a
314 3517 423 3573 Perelio
436 3519 464 3574 io
476 3519 608 3574 Melsntb.
622 3485 727 3576 Consil.
741 3520 786 3575 ιιι.
801 3519 833 3574 P.
845 3519 866 3574 l.
880 3538 906 3590 p.
920 3517 972 3571 520
982 3535 1041 3587 sqq.
1053 3548 1088 3558 -

195 3589 384 3660 Apogrsplson
404 3587 433 3641 iu
452 3587 514 3642 cod.
537 3588 647 3641 Monac.
664 3589 698 3643 ll.
723 3607 749 3660 p.
764 3588 822 3643 167.
843 3617 878 3628 -
914 3587 1029 3640 Missum
1049 3595 1089 3638 est

195 3657 251 3712 boc
277 3659 329 3711 scri
351 3668 411 3719 tum
434 3655 467 3710 ad
486 3655 577 3712 Visum
595 3655 770 3712 Theodorum
789 3675 860 3713 ‘cum
879 3655 990 3728 epistola
1012 3653 1039 3708 d.
1060 3655 1088 3708 d.

193 3728 239 3780 2⁵.
257 3676 375 3810 Octobr.

101 3877 278 3980 Scriptum
308 3875 444 3952 Phili
478 3883 528 3980 pi
559 3879 603 3953 de
636 3881 867 3981 impositione
898 3905 1088 3954 manuum.

153 3981 218 4055 Ad
246 3982 404 4058 Vilum
472 3981 732 4072 haedorum,
758 3979 1032 4078 Ann01540.¹)

101 4105 141 4186 ln
160 4113 309 4188 historia
334 4113 578 4188 Ecclesiastico
601 4111 748 4188 Eusehii
770 4120 835 4192 lib.
849 4118 884 4192 6.
909 4139 986 4208 pag.
1003 4113 1087 4189 144.

102 4221 262 4289 recitatur
295 4219 441 4310 epistola
463 4215 632 4310 Episcopi
658 4219 1009 4312 Hierosolymorum,
1049 4219 1088 4286 iu

103 4345 164 4410 qsra
206 4321 329 4390 multis
359 4321 528 4411 exemplis
560 4321 763 4390 defenditur
792 4317 986 4411 Origenes,
1026 4319 1086 4412 qui

104 4424 390 4508 concionabatur,
430 4445 510 4490 cum
534 4445 606 4490 non
630 4437 720 4493 esset
743 4436 965 4492 consecratus
989 4445 1087 4489 more

106 4615 318 4628 We·-

134 4729 160 4798 ⁸)
179 4730 241 4788 Vid.
255 4750 335 4802 supra
348 4749 390 4802 ep.
403 4729 436 4784 ad
449 4719 553 4784 Tbeod.
567 4727 593 4785 d.
608 4729 649 4784 11.
662 4728 726 4782 Oct.
739 4727 766 4784 b.
780 4747 805 4783 s.

134 4811 177 4884 **)
198 4813 344 4885 Adscripta
357 4821 420 4868 suut
434 4813 461 4866 io
477 4811 632 4882 apographo
646 4811 758 4865 Monac.
771 4810 854 4865 bases

233 4883 271 4936 Ex
286 4883 369 4936 literis
380 4879 541 4952 Cmeigeri‚
559 4899 630 4950 quoe
643 4891 720 4934 erant
731 4878 772 4933 bis
786 4879 943 4935 adiunclses

165 4951 257 5006 Nostri
269 4953 322 5004 ism
338 4951 472 5020 incipiunt
485 4954 588 5006 κλίνειν
600 4949 635 5004 sd
646 4946 734 5021 nespd
752 4957 778 5002 et
799 4967 930 5020 quaerere
948 4950 999 5005 slis
1016 4969 1087 5006 eon·

166 5019 232 5073 silis.
267 5021 412 5088 Philippus
427 5029 519 5072 nostes·
539 5038 568 5072 es
587 5021 701 5072 somniis
718 5029 743 5071 et
762 5015 821 5070 aliis
836 5019 1003 5076 coniecturis
1017 5021 1086 5075 vati·

167 5090 272 5143 sinatur
285 5088 319 5141 de
332 5086 561 5157 disputationibus
574 5087 603 5141 in
616 5096 768 5159 consentu,
794 5104 878 5157 quare
895 5088 1016 5144 fortassis
1035 5089 1087 5142 sd·

167 5158 300 5214 domatur
313 5155 360 5210 sei
372 5159 399 5211 si
411 5151 551 5226 usiluyes.

139 5241 161 5310 l)
180 5241 210 5295 ln
226 5239 347 5310 catologo
362 5237 459 5296 consil.
474 5237 624 5310 Melantb.‚
646 5237 675 5290 iu
695 5235 748 5290 fiee
765 5235 901 5291 sPeselio
915 5237 1024 5310 addito,
1041 5259 1088 5294 re·

166 5309 251 5433 {geppe
263 5307 316 5362 hoe
329 5307 461 5362 iodicium
474 5307 507 5361 sd
520 5325 623 5362 sunum
635 5307 711 5362 1511.
733 5305 781 5360 Est
793 5323 860 5364 vero
871 5305 1002 5378 scriptum
1014 5325 1088 5364 sono

110 5451 276 5522 dissum.
292 5423 397 5523 Ocra.
411 5455 494 5521 Vos.
509 5453 550 5518 V.

671 224 1112 305 EPISTOLARUM
1172 227 1373 304 attttx.
1426 229 1558 310 tata

97 413 165 486 est,
208 397 295 495 οὐχ’
330 399 413 500 ὁσίη
447 393 553 498 peresi
587 395 688 472 κακὰ
721 392 872 496 ῥάπτειν
911 391 1090 496 ἀλλήλων.

98 501 216 592 Quare
234 507 390 596 pericula
408 502 666 590 intelligamus,
699 518 734 574 et
754 505 907 596 impetus
927 509 1090 574 modere-

2062 245 2140 324 ato

1142 405 1384 488 sacerdotum,
1417 418 1456 474 nt
1476 405 1526 478 sic
1546 407 1686 501 loquar.
1738 407 1786 482 Et
1801 413 1838 482 in
1855 415 1947 487 libro
1966 416 2051 488 ieris
2065 414 2136 490 Ca-

1140 504 1278 587 nonici,
1313 505 1370 574 cui
1394 506 1518 576 titulus
1541 523 1590 579 est
1614 511 1704 582 liber
1719 509 1950 588 Decretorum
1976 521 2056 590 dist.
2070 521 2134 598 24·

1139 605 1323 686 scribitur,
1356 599 1497 678 Lui'cos
1519 621 1667 702 regulos
1692 639 1799 710 posse
1826 616 1970 712 publice
2001 617 2134 694 ducere.

1141 703 1256 826 Verba
1289 709 1436 778 canonis
1466 727 1580 782 sumta
1604 730 1686 787 sunt
1709 739 1749 786 ex
1773 718 1921 813 Synodo
1946 719 2134 816 Carthagi-

1137 829 1252 880 nensr.

1239 907 1308 980 Sed
1340 913 1385 980 de
1412 915 1692 988 administranda
1717 946 1825 992 coena
1848 921 1995 996 Domini
2017 929 2132 1000 maior

1136 1021 1188 1078 est
1212 1013 1382 1102 quaestio.
1434 1012 1580 1108 lrrepsit
1603 1021 1699 1090 enim
1722 1025 1844 1112 opinio
1868 1028 1910 1095 de
1935 1031 2132 1102 mutatione

1135 1112 1248 1199 panis.
1301 1109 1403 1184 llanc
1420 1132 1627 1198 potestatem
1640 1123 1876 1192 utcuntcerto
1890 1129 2009 1196 ordini
2031 1155 2129 1199 com-

1136 1204 1338 1274 mendatam
1365 1231 1449 1282 esse.
1516 1209 1584 1280 Sed
1610 1213 1743 1303 opponi
1766 1233 1881 1304 potest
1903 1230 2128 1288 manifestum

1135 1303 1392 1388 testimouium,
1420 1319 1455 1375 rt
1467 1308 1550 1376 satis
1567 1333 1671 1397 grave
1687 1311 1823 1406 Synodi
1837 1314 2020 1400 Nicaenae,
2039 1343 2129 1412 qstae

1135 1405 1339 1490 constituit,
1370 1421 1410 1478 ut
1431 1409 1570 1478 diaconi
1595 1412 1799 1486 absentibus
1817 1419 2031 1511 presbyteris
2049 1446 2129 1492 coe-

1134 1529 1219 1574 nam
1242 1503 1390 1576 Domini
1414 1509 1673 1586 administrent.
1732 1514 1900 1587 Nondum
1924 1519 2033 1608 igitur
2055 1537 2129 1596 eras

1134 1608 1330 1698 persuasio,
1370 1611 1415 1678 de
1437 1625 1607 1702 potestate
1630 1619 1793 1686 mutandi
1816 1643 1960 1710 panem,
2001 1626 2129 1696 tradita

1134 1722 1229 1779 certo
1248 1710 1384 1798 gradui.
1704 1743 1708 1754 ι

1129 1837 1134 1848 ’
1236 1807 1333 1882 Haec
1360 1807 1525 1882 historica
1558 1811 1647 1883 milri
1672 1818 1814 1909 quidem
1839 1836 1935 1909 grata
1960 1839 2060 1911 suut,
2094 1842 2130 1900 et

1133 1933 1191 1980 me
1224 1911 1403 1982 interdum
1438 1915 1649 1988 confirmant
1680 1921 1917 2010 disputantem
1953 1927 1991 1994 in
2032 1941 2130 2000 uinta

1135 2025 1334 2104 temporum
1357 2016 1565 2086 confusione
1587 2021 1632 2088 de
1654 2021 1766 2090 veteri
1784 2025 2028 2116 ordinatione,
2056 2032 2129 2102 sive

1135 2113 1307 2184 electione
1322 2117 1580 2188 ministrorum.

1236 2215 1340 2286 Nunc
1376 2212 1563 2308 persuasio
1588 2221 1822 2312 receptissima
1850 2240 1901 2297 cst
1924 2225 2130 2304 Pontificiae

1134 2317 1259 2409 partis:
1300 2314 1509 2388 Ecclesium
1534 2319 1645 2390 lolem
1665 2320 1956 2419 politiumesse,
1991 2331 2030 2400 in
2055 2359 2130 2431 qua

1135 2442 1240 2486 nenio
1264 2428 1477 2515 potestatem
1510 2415 1647 2492 lrabeat
1681 2420 1834 2496 docendi
1860 2429 2024 2525 publice,
2064 2446 2130 2506 nul

1136 2517 1436 2594 administrandi
1458 2547 1605 2594 coenam
1627 2521 1806 2614 Domini,
1846 2529 1924 2602 nisi
1944 2557 2131 2606 consecra·

1137 2631 1195 2690 lus
1218 2619 1267 2690 sil
1289 2621 1337 2691 ab
1357 2621 1542 2723 Episcopo
1568 2636 1704 2698 lenonie
1727 2627 1897 2717 tilulum,
1929 2644 1961 2704 el
1984 2635 2130 2734 quidem

1137 2749 1161 2792 u
1186 2717 1363 2816 Pontifici
1383 2723 1561 2798 Romano
1586 2739 1780 2825 acceptum.
1834 2733 1943 2807 Hunc
1966 2742 2131 2810 ordibeui

1136 2839 1265 2894 vocant
1292 2831 1546 2898 successionem
1572 2833 1790 2904 ordinariam
1814 2849 1848 2906 et
1869 2861 1958 2928 pene
1973 2840 2133 2924 ‘Levitici

1137 2928 1321 2998 sacerdotii
1340 2925 1540 3023 κακοζηλία
1558 2946 1621 3004 est.

1228 3027 1337 3116 Quid
1361 3032 1449 3130 velit
1468 3043 1556 3102 'tuus
1579 3034 1733 3123 collega,
1755 3037 1890 3108 nescio:
1919 3037 1988 3110 Sed
2012 3057 2131 3116 tamen

1136 3153 1213 3198 non
1229 3131 1375 3222 opinor,
1408 3157 1488 3202 eum
1505 3135 1695 3204 defendere
1709 3136 1787 3206 illas
1803 3141 1990 3229 opiniones
2006 3144 2132 3216 Ponti·

1137 3231 1251 3314 licias,
1277 3258 1363 3326 quas
1382 3235 1410 3303 si
1426 3235 1600 3320 tuebitur,
1626 3261 1717 3306 nova
1735 3255 1840 3312 erunt
1857 3257 1890 3312 et
1906 3245 2039 3316 maiora
2055 3273 2132 3319 cer-

1137 3333 1282 3406 tamina.

1241 3432 1365 3504 Dicam
1383 3450 1501 3506 autem
1515 3439 1662 3520 ordine,
1694 3443 1837 3534 quaein
1858 3444 2028 3516 ministris
2045 3477 2132 3520 con-

1138 3536 1327 3608 stituendis
1344 3539 1536 3607 necessaria
1554 3540 1642 3610 sint:
1678 3539 1824 3613 Vocatio
1839 3568 1907 3622 ¹seu
1930 3549 2051 3620 electio
2067 3577 2133 3622 ne-

1139 3637 1285 3706 cessaria
1303 3651 1364 3710 est.
1416 3637 1518 3710 Hanc
1532 3637 1665 3712 Paulus
1683 3647 1829 3716 mandat
1846 3643 1946 3718 Tito:
1980 3638 2133 3721 Consti·-

1139 3746 1197 3806 tue
1209 3736 1454 3834 presbyteres:
1489 3739 1614 3812 Postea
1635 3745 1734 3814 vides
1750 3747 1787 3814 in
1805 3749 2060 3838 probatissimis
2075 3749 2133 3823 hi-

1137 3841 1257 3907 storiis
1272 3841 1378 3908 fuisse
1394 3842 1629 3911 universalem
1646 3869 1780 3914 morem
1795 3849 1929 3940 primae
1944 3847 2133 3942 Ecclesiae,

1139 3940 1243 4028 eligi,
1277 3941 1314 4007 id
1338 3959 1406 4018 est,
1440 3944 1558 4010 vocari
1576 3941 1770 4036 Episcopus
1793 3973 1854 4038 per
1877 3953 2068 4042 populum,
2093 3957 2131 4027 id

1139 4055 1209 4121 est,
1240 4035 1548 4136 honestissimos²)
1575 4039 1737 4115 homines
1759 4047 1796 4116 in
1820 4050 1969 4142 singulis
1993 4058 2133 4128 ordini-

1138 4143 1215 4214 bus.
1266 4138 1315 4212 Et
1346 4137 1462 4211 adhuc
1494 4145 1681 4235 vestigium
1714 4150 1824 4218 moris
1858 4167 1995 4240 manet,
2034 4163 2132 4253 quod

1138 4241 1307 4334 Episcopi
1322 4267 1342 4314 a
1360 4243 1516 4334 collegiis
1531 4247 1721 4336 eliguntur.

1241 4345 1300 4416 Sic
1326 4367 1422 4414 nune
1444 4361 1617 4418 vocantur
1631 4349 1786 4420 ministri
1804 4351 1841 4420 in
1860 4359 1990 4428 nostris
2006 4355 2130 4434 Eccle-

1138 4447 1216 4531 siis,
1249 4447 1305 4514 vel
1329 4471 1390 4535 per
1405 4446 1607 4540 Principes,
1638 4451 1694 4519 vel
1718 4476 1781 4542 per
1800 4454 1970 4528 Senatum
1996 4461 2034 4531 in
2055 4463 2130 4537 Re.

1139 4544 1326 4642 buspub.⁵)
1378 4545 1426 4618 Et
1448 4563 1500 4618 est
1518 4551 1576 4641 pia
1597 4564 1632 4620 et
1651 4551 1741 4622 iusta
1758 4557 1908 4632 vocatio.
1960 4561 2129 4660 Princeps

1138 4663 1172 4718 et
1196 4649 1384 4720 Senatores
1407 4652 1596 4744 dupliciter
1618 4647 1750 4724 habent
1773 4657 1827 4726 ius
1850 4663 2017 4734 vocandi:
2054 4669 2130 4758 pri.

1137 4775 1257 4836 mum,
1288 4751 1370 4844 quia
1393 4770 1580 4842 praesunt,
1613 4768 1647 4823 et
1667 4757 1745 4828 vult
1760 4755 1857 4828 Deus
1874 4764 2128 4850 gubernatores

1138 4875 1260 4920 curare
1268 4849 1298 4945 ⁴)
1314 4853 1550 4923 ministerium
1565 4853 1768 4945 Evangelii:
1794 4857 1933 4934 Deinde
1949 4868 2031 4958 quia
2045 4886 2128 4942 suut

1139 4953 1324 5044 praecipua
1344 4957 1503 5025 membra
1516 4953 1705 5032 Ecclesiae.

1172 5208 1201 5270 2)
1220 5207 1290 5262 Cod.
1304 5208 1414 5264 Monac.
1433 5209 1514 5279 eligi,
1531 5211 1560 5261 id
1573 5217 1679 5276 est'psr
1689 5213 1873 5268 bousstsbres.

1172 5292 1200 5360 8)
1222 5291 1292 5348 Cod.
1307 5291 1419 5347 Monac.
1436 5296 1482 5346 uei
1492 5295 1651 5350 semum
1665 5313 1738 5352 voss.

1172 5377 1202 5442 4)
1221 5375 1289 5431 cos.
1301 5375 1413 5432 Monac.
1428 5377 1536 5432 iuvare.

1278 5448 1324 5519 14
