<?xml version="1.0" encoding="UTF-8"?>
<!DOCTYPE html PUBLIC "-//W3C//DTD XHTML 1.0 Transitional//EN"
    "http://www.w3.org/TR/xhtml1/DTD/xhtml1-transitional.dtd">
<html xmlns="http://www.w3.org/1999/xhtml" xml:lang="en" lang="en">
 <head>
  <title>
</title>
<meta http-equiv="Content-Type" content="text/html;charset=utf-8" />
  <meta name='ocr-system' content='tesseract 3.04.00' />
  <meta name='ocr-capabilities' content='ocr_page ocr_carea ocr_par ocr_line ocrx_word'/>
</head>
<body>
  <div class='ocr_page' id='page_1' title='image "./corpusreformato19melagoog/corpusreformato19melagoog_0015.png"; bbox 0 0 4754 5806; ppageno 0'>
   <div class='ocr_carea' id='block_1_1' title="bbox 190 287 1638 369">
    <p class='ocr_par' dir='ltr' id='par_1_1' title="bbox 190 287 1638 369">
     <span class='ocr_line' id='line_1_1' title="bbox 190 287 1638 369; baseline 0.001 -2"><span class='ocrx_word' id='word_1_1' title='bbox 190 313 264 368; x_wconf 87' lang='lat' dir='ltr'><strong>vnr</strong></span> <span class='ocrx_word' id='word_1_2' title='bbox 794 289 1073 368; x_wconf 85' lang='lat' dir='ltr'><strong>ANNALES</strong></span> <span class='ocrx_word' id='word_1_3' title='bbox 1100 287 1289 367; x_wconf 83' lang='lat' dir='ltr'><strong>VITAE</strong></span> <span class='ocrx_word' id='word_1_4' title='bbox 1315 289 1449 369; x_wconf 88' lang='lat' dir='ltr'><strong>MEL.</strong></span> <span class='ocrx_word' id='word_1_5' title='bbox 1503 289 1638 368; x_wconf 81' lang='grc'><strong>1643.</strong></span> 
     </span>
    </p>
   </div>
   <div class='ocr_carea' id='block_1_2' title="bbox 197 411 1959 577">
    <p class='ocr_par' dir='ltr' id='par_1_2' title="bbox 197 411 1959 577">
     <span class='ocr_line' id='line_1_2' title="bbox 197 411 1959 577; baseline 0.001 -39"><span class='ocrx_word' id='word_1_6' title='bbox 197 411 289 577; x_wconf 43' lang='lat' dir='ltr'><em>Q</em></span> <span class='ocrx_word' id='word_1_7' title='bbox 330 469 403 536; x_wconf 84' lang='lat' dir='ltr'><strong>Mel.</strong></span> <span class='ocrx_word' id='word_1_8' title='bbox 419 469 563 554; x_wconf 90' lang='lat' dir='ltr'><strong>Philippo</strong></span> <span class='ocrx_word' id='word_1_9' title='bbox 576 467 769 556; x_wconf 76' lang='lat' dir='ltr'><strong>Landgratio</strong></span> <span class='ocrx_word' id='word_1_10' title='bbox 784 471 929 555; x_wconf 86' lang='lat' dir='ltr'><strong>affirmat,</strong></span> <span class='ocrx_word' id='word_1_11' title='bbox 955 471 1128 540; x_wconf 87' lang='lat' dir='ltr'><strong>Lutherum</strong></span> <span class='ocrx_word' id='word_1_12' title='bbox 1141 491 1224 554; x_wconf 88' lang='lat' dir='ltr'><strong>non,</strong></span> <span class='ocrx_word' id='word_1_13' title='bbox 1249 486 1285 538; x_wconf 92' lang='lat' dir='ltr'><strong>ut</strong></span> <span class='ocrx_word' id='word_1_14' title='bbox 1299 472 1467 557; x_wconf 77' lang='lat' dir='ltr'><strong>ferebatur,</strong></span> <span class='ocrx_word' id='word_1_15' title='bbox 1494 476 1532 540; x_wconf 91' lang='lat' dir='ltr'><strong>de</strong></span> <span class='ocrx_word' id='word_1_16' title='bbox 1544 476 1676 560; x_wconf 89' lang='lat' dir='ltr'><strong>digamia</strong></span> <span class='ocrx_word' id='word_1_17' title='bbox 1690 477 1807 561; x_wconf 87' lang='lat' dir='ltr'><strong>aliquid</strong></span> <span class='ocrx_word' id='word_1_18' title='bbox 1822 478 1959 542; x_wconf 85' lang='lat' dir='ltr'><strong>scribare.</strong></span> 
     </span>
    </p>
   </div>
   <div class='ocr_carea' id='block_1_3' title="bbox 193 607 1367 780">
    <p class='ocr_par' dir='ltr' id='par_1_3' title="bbox 193 607 1367 780">
     <span class='ocr_line' id='line_1_3' title="bbox 193 607 1367 780; baseline 0.017 -43"><span class='ocrx_word' id='word_1_19' title='bbox 193 607 285 780; x_wconf 52' lang='grc' dir='ltr'><strong>ΑΡἘ</strong></span> <span class='ocrx_word' id='word_1_20' title='bbox 330 683 485 749; x_wconf 75' lang='lat' dir='ltr'><strong>Praefatur</strong></span> <span class='ocrx_word' id='word_1_21' title='bbox 498 687 532 744; x_wconf 87' lang='lat' dir='ltr'><strong>in</strong></span> <span class='ocrx_word' id='word_1_22' title='bbox 544 677 628 764; x_wconf 87' lang='lat' dir='ltr'><strong>Nopi</strong></span> <span class='ocrx_word' id='word_1_23' title='bbox 642 687 794 744; x_wconf 73' lang='lat' dir='ltr'><strong>axiomata</strong></span> <span class='ocrx_word' id='word_1_24' title='bbox 807 685 963 765; x_wconf 75' lang='lat' dir='ltr'><strong>religionis</strong></span> <span class='ocrx_word' id='word_1_25' title='bbox 980 706 997 746; x_wconf 92' lang='lat' dir='ltr'><strong>a</strong></span> <span class='ocrx_word' id='word_1_26' title='bbox 1013 681 1123 747; x_wconf 86' lang='lat' dir='ltr'><strong>Matth.</strong></span> <span class='ocrx_word' id='word_1_27' title='bbox 1139 677 1262 746; x_wconf 87' lang='lat' dir='ltr'><strong>Collino</strong></span> <span class='ocrx_word' id='word_1_28' title='bbox 1277 681 1367 746; x_wconf 60' lang='lat' dir='ltr'><strong>editt·</strong></span> 
     </span>
    </p>
   </div>
   <div class='ocr_carea' id='block_1_4' title="bbox 248 813 2242 982">
    <p class='ocr_par' dir='ltr' id='par_1_4' title="bbox 248 813 2242 982">
     <span class='ocr_line' id='line_1_4' title="bbox 248 813 2242 905; baseline 0 -21"><span class='ocrx_word' id='word_1_29' title='bbox 248 821 280 883; x_wconf 80' lang='lat'><strong>8.</strong></span> <span class='ocrx_word' id='word_1_30' title='bbox 331 818 427 884; x_wconf 82' lang='lat' dir='ltr'>Adest</span> <span class='ocrx_word' id='word_1_31' title='bbox 448 813 666 896; x_wconf 88' lang='lat' dir='ltr'><strong>Medmannus,</strong></span> <span class='ocrx_word' id='word_1_32' title='bbox 691 821 806 899; x_wconf 86' lang='lat' dir='ltr'><strong>legatus</strong></span> <span class='ocrx_word' id='word_1_33' title='bbox 827 815 975 902; x_wconf 89' lang='lat' dir='ltr'><strong>Archiep.</strong></span> <span class='ocrx_word' id='word_1_34' title='bbox 993 815 1203 897; x_wconf 88' lang='lat' dir='ltr'><strong>Coloniensis,</strong></span> <span class='ocrx_word' id='word_1_35' title='bbox 1238 829 1269 879; x_wconf 89' lang='lat' dir='ltr'><strong>et</strong></span> <span class='ocrx_word' id='word_1_36' title='bbox 1290 821 1385 900; x_wconf 87' lang='lat' dir='ltr'><strong>petit,</strong></span> <span class='ocrx_word' id='word_1_37' title='bbox 1412 830 1447 881; x_wconf 89' lang='lat' dir='ltr'><strong>ut</strong></span> <span class='ocrx_word' id='word_1_38' title='bbox 1460 816 1652 882; x_wconf 87' lang='lat' dir='ltr'><strong>Melantboni</strong></span> <span class='ocrx_word' id='word_1_39' title='bbox 1677 825 1733 884; x_wconf 88' lang='lat' dir='ltr'><strong>iter</strong></span> <span class='ocrx_word' id='word_1_40' title='bbox 1756 821 1794 882; x_wconf 87' lang='lat' dir='ltr'><strong>ad</strong></span> <span class='ocrx_word' id='word_1_41' title='bbox 1818 817 2095 905; x_wconf 80' lang='lat' dir='ltr'><strong>Archiapisoopum</strong></span> <span class='ocrx_word' id='word_1_42' title='bbox 2111 825 2242 904; x_wconf 84' lang='lat' dir='ltr'><strong>permit-</strong></span> 
     </span>
     <span class='ocr_line' id='line_1_5' title="bbox 383 933 1213 982; baseline 0.002 0"><span class='ocrx_word' id='word_1_43' title='bbox 383 933 473 982; x_wconf 90' lang='lat' dir='ltr'><strong>tatur.</strong></span> <span class='ocrx_word' id='word_1_44' title='bbox 1207 957 1213 962; x_wconf 95' lang='lat'>·</span> 
     </span>
    </p>
   </div>
   <div class='ocr_carea' id='block_1_5' title="bbox 225 1047 2242 1219">
    <p class='ocr_par' dir='ltr' id='par_1_5' title="bbox 225 1047 2242 1219">
     <span class='ocr_line' id='line_1_6' title="bbox 225 1047 2242 1144; baseline 0 -26"><span class='ocrx_word' id='word_1_45' title='bbox 225 1058 281 1120; x_wconf 87' lang='lat'><strong>10.</strong></span> <span class='ocrx_word' id='word_1_46' title='bbox 331 1055 473 1136; x_wconf 79' lang='lat' dir='ltr'><strong>Princeps</strong></span> <span class='ocrx_word' id='word_1_47' title='bbox 488 1049 610 1116; x_wconf 75' lang='lat' dir='ltr'><strong>Elector</strong></span> <span class='ocrx_word' id='word_1_48' title='bbox 624 1047 815 1116; x_wconf 87' lang='lat' dir='ltr'><strong>liielanthoni</strong></span> <span class='ocrx_word' id='word_1_49' title='bbox 827 1069 1029 1120; x_wconf 88' lang='lat' dir='ltr'><strong>commeatum</strong></span> <span class='ocrx_word' id='word_1_50' title='bbox 1044 1057 1112 1135; x_wconf 88' lang='lat' dir='ltr'><strong>dat,</strong></span> <span class='ocrx_word' id='word_1_51' title='bbox 1139 1059 1227 1140; x_wconf 90' lang='lat' dir='ltr'><strong>eique</strong></span> <span class='ocrx_word' id='word_1_52' title='bbox 1241 1057 1336 1117; x_wconf 88' lang='lat' dir='ltr'><strong>mittit</strong></span> <span class='ocrx_word' id='word_1_53' title='bbox 1350 1057 1493 1117; x_wconf 73' lang='lat' dir='ltr'><strong>naucum</strong></span> <span class='ocrx_word' id='word_1_54' title='bbox 1510 1069 1631 1118; x_wconf 88' lang='lat' dir='ltr'><strong>centnm</strong></span> <span class='ocrx_word' id='word_1_55' title='bbox 1646 1059 1831 1118; x_wconf 88' lang='lat' dir='ltr'><strong>florenorum</strong></span> <span class='ocrx_word' id='word_1_56' title='bbox 1853 1069 1883 1119; x_wconf 87' lang='lat' dir='ltr'><strong>et</strong></span> <span class='ocrx_word' id='word_1_57' title='bbox 1897 1059 2021 1118; x_wconf 78' lang='lat' dir='ltr'><strong>comites</strong></span> <span class='ocrx_word' id='word_1_58' title='bbox 2035 1055 2242 1144; x_wconf 28' lang='lat' dir='ltr'><strong>duosleqnites</strong></span> 
     </span>
     <span class='ocr_line' id='line_1_7' title="bbox 381 1170 520 1219; baseline -0.014 -1"><span class='ocrx_word' id='word_1_59' title='bbox 381 1170 520 1219; x_wconf 87' lang='lat' dir='ltr'><strong>armatos.</strong></span> 
     </span>
    </p>
   </div>
   <div class='ocr_carea' id='block_1_6' title="bbox 224 1285 2237 1376">
    <p class='ocr_par' dir='ltr' id='par_1_6' title="bbox 224 1285 2237 1376">
     <span class='ocr_line' id='line_1_8' title="bbox 224 1285 2237 1376; baseline 0 -24"><span class='ocrx_word' id='word_1_60' title='bbox 224 1290 282 1352; x_wconf 86' lang='lat'><strong>17.</strong></span> <span class='ocrx_word' id='word_1_61' title='bbox 332 1291 404 1355; x_wconf 85' lang='lat' dir='ltr'><strong>illel.</strong></span> <span class='ocrx_word' id='word_1_62' title='bbox 424 1297 480 1353; x_wconf 90' lang='lat' dir='ltr'><strong>iter</strong></span> <span class='ocrx_word' id='word_1_63' title='bbox 494 1289 660 1370; x_wconf 86' lang='lat' dir='ltr'><strong>ingreditur</strong></span> <span class='ocrx_word' id='word_1_64' title='bbox 672 1285 813 1350; x_wconf 91' lang='lat' dir='ltr'><strong>Bonnam</strong></span> <span class='ocrx_word' id='word_1_65' title='bbox 829 1289 868 1352; x_wconf 91' lang='lat' dir='ltr'><strong>ad</strong></span> <span class='ocrx_word' id='word_1_66' title='bbox 882 1287 1159 1373; x_wconf 68' lang='lat' dir='ltr'><strong>Archmpiscopum</strong></span> <span class='ocrx_word' id='word_1_67' title='bbox 1175 1288 1286 1356; x_wconf 89' lang='lat' dir='ltr'><strong>Colon.</strong></span> <span class='ocrx_word' id='word_1_68' title='bbox 1301 1293 1461 1354; x_wconf 82' lang='lat' dir='ltr'><strong>comitibus</strong></span> <span class='ocrx_word' id='word_1_69' title='bbox 1474 1289 1560 1354; x_wconf 91' lang='lat' dir='ltr'><strong>Iusto</strong></span> <span class='ocrx_word' id='word_1_70' title='bbox 1574 1287 1667 1371; x_wconf 87' lang='lat' dir='ltr'><strong>lona,</strong></span> <span class='ocrx_word' id='word_1_71' title='bbox 1694 1295 1778 1372; x_wconf 82' lang='lat' dir='ltr'><strong>tilio,</strong></span> <span class='ocrx_word' id='word_1_72' title='bbox 1805 1305 1834 1354; x_wconf 92' lang='lat' dir='ltr'><strong>et</strong></span> <span class='ocrx_word' id='word_1_73' title='bbox 1847 1291 2037 1376; x_wconf 83' lang='lat' dir='ltr'><strong>Hieronymo</strong></span> <span class='ocrx_word' id='word_1_74' title='bbox 2049 1287 2237 1354; x_wconf 85' lang='lat' dir='ltr'><strong>Schreibero.</strong></span> 
     </span>
    </p>
   </div>
   <div class='ocr_carea' id='block_1_7' title="bbox 224 1422 2240 1609">
    <p class='ocr_par' dir='ltr' id='par_1_7' title="bbox 224 1422 2240 1609">
     <span class='ocr_line' id='line_1_9' title="bbox 224 1422 2240 1508; baseline -0.001 -20"><span class='ocrx_word' id='word_1_75' title='bbox 224 1427 282 1488; x_wconf 79' lang='lat'><strong>20.</strong></span> <span class='ocrx_word' id='word_1_76' title='bbox 332 1424 405 1488; x_wconf 78' lang='lat' dir='ltr'><strong>hiel.</strong></span> <span class='ocrx_word' id='word_1_77' title='bbox 427 1425 541 1488; x_wconf 83' lang='lat' dir='ltr'><strong>viderat</strong></span> <span class='ocrx_word' id='word_1_78' title='bbox 566 1434 596 1484; x_wconf 92' lang='lat' dir='ltr'><strong>et</strong></span> <span class='ocrx_word' id='word_1_79' title='bbox 618 1437 741 1486; x_wconf 85' lang='lat' dir='ltr'><strong>auxerat</strong></span> <span class='ocrx_word' id='word_1_80' title='bbox 757 1422 858 1486; x_wconf 88' lang='lat' dir='ltr'><strong>Alesii</strong></span> <span class='ocrx_word' id='word_1_81' title='bbox 881 1425 1116 1508; x_wconf 88' lang='lat' dir='ltr'><strong>disputationem</strong></span> <span class='ocrx_word' id='word_1_82' title='bbox 1139 1426 1176 1488; x_wconf 90' lang='lat' dir='ltr'><strong>de</strong></span> <span class='ocrx_word' id='word_1_83' title='bbox 1196 1429 1296 1508; x_wconf 92' lang='lat' dir='ltr'><strong>primo</strong></span> <span class='ocrx_word' id='word_1_84' title='bbox 1319 1431 1418 1508; x_wconf 89' lang='lat' dir='ltr'><strong>capite</strong></span> <span class='ocrx_word' id='word_1_85' title='bbox 1440 1431 1472 1487; x_wconf 90' lang='lat' dir='ltr'><strong>in</strong></span> <span class='ocrx_word' id='word_1_86' title='bbox 1487 1423 1546 1507; x_wconf 89' lang='lat' dir='ltr'><strong>Ep.</strong></span> <span class='ocrx_word' id='word_1_87' title='bbox 1568 1428 1607 1488; x_wconf 90' lang='lat' dir='ltr'><strong>ad</strong></span> <span class='ocrx_word' id='word_1_88' title='bbox 1621 1424 1794 1506; x_wconf 88' lang='lat' dir='ltr'><strong>Romanos,</strong></span> <span class='ocrx_word' id='word_1_89' title='bbox 1824 1439 1854 1488; x_wconf 85' lang='lat' dir='ltr'><strong>et</strong></span> <span class='ocrx_word' id='word_1_90' title='bbox 1868 1425 2003 1490; x_wconf 90' lang='lat' dir='ltr'><strong>eiusdem</strong></span> <span class='ocrx_word' id='word_1_91' title='bbox 2017 1429 2240 1508; x_wconf 78' lang='lat' dir='ltr'><strong>expositionem</strong></span> 
     </span>
     <span class='ocr_line' id='line_1_10' title="bbox 382 1527 610 1609; baseline -0.018 -18"><span class='ocrx_word' id='word_1_92' title='bbox 382 1527 494 1592; x_wconf 87' lang='lat' dir='ltr'><strong>Psalmi</strong></span> <span class='ocrx_word' id='word_1_93' title='bbox 508 1529 610 1609; x_wconf 86' lang='lat' dir='ltr'><strong>primi.</strong></span> 
     </span>
    </p>
   </div>
   <div class='ocr_carea' id='block_1_8' title="bbox 213 1656 1926 2624">
    <p class='ocr_par' dir='ltr' id='par_1_8' title="bbox 213 1656 1926 2624">
     <span class='ocr_line' id='line_1_11' title="bbox 222 1656 614 1726; baseline -0.01 -2"><span class='ocrx_word' id='word_1_94' title='bbox 222 1662 283 1724; x_wconf 77' lang='lat'><strong>28.</strong></span> <span class='ocrx_word' id='word_1_95' title='bbox 333 1660 467 1726; x_wconf 79' lang='lat' dir='ltr'><strong>Melest</strong></span> <span class='ocrx_word' id='word_1_96' title='bbox 486 1656 614 1724; x_wconf 87' lang='lat' dir='ltr'><strong>Gothae.</strong></span> 
     </span>
     <span class='ocr_line' id='line_1_12' title="bbox 335 1787 1414 1878; baseline 0.002 -20"><span class='ocrx_word' id='word_1_97' title='bbox 335 1795 394 1859; x_wconf 91' lang='lat' dir='ltr'><strong>lter</strong></span> <span class='ocrx_word' id='word_1_98' title='bbox 407 1798 480 1862; x_wconf 81' lang='lat' dir='ltr'><strong>fecit</strong></span> <span class='ocrx_word' id='word_1_99' title='bbox 496 1795 714 1878; x_wconf 84' lang='lat' dir='ltr'><strong>perditionem</strong></span> <span class='ocrx_word' id='word_1_100' title='bbox 730 1789 974 1874; x_wconf 83' lang='lat' dir='ltr'><strong>Nassavisnsem,</strong></span> <span class='ocrx_word' id='word_1_101' title='bbox 1001 1795 1055 1860; x_wconf 89' lang='lat' dir='ltr'><strong>uhi</strong></span> <span class='ocrx_word' id='word_1_102' title='bbox 1065 1791 1251 1862; x_wconf 65' lang='lat' dir='ltr'><strong>hunnum</strong></span> <span class='ocrx_word' id='word_1_103' title='bbox 1266 1787 1414 1862; x_wconf 76' lang='lat' dir='ltr'><strong>salinaria</strong></span> 
     </span>
     <span class='ocr_line' id='line_1_13' title="bbox 334 1891 1312 2010; baseline -0.003 -17"><span class='ocrx_word' id='word_1_104' title='bbox 334 1927 370 1994; x_wconf 89' lang='lat' dir='ltr'><strong>ln</strong></span> <span class='ocrx_word' id='word_1_105' title='bbox 383 1892 490 1993; x_wconf 79' lang='lat' dir='ltr'><strong>itinere</strong></span> <span class='ocrx_word' id='word_1_106' title='bbox 505 1897 624 1990; x_wconf 80' lang='lat' dir='ltr'><strong>carmen</strong></span> <span class='ocrx_word' id='word_1_107' title='bbox 640 1928 730 1990; x_wconf 79' lang='lat' dir='ltr'><strong>i&#39;ecit:</strong></span> <span class='ocrx_word' id='word_1_108' title='bbox 746 1947 780 2006; x_wconf 69' lang='lat'><strong>⁴„</strong></span> <span class='ocrx_word' id='word_1_109' title='bbox 791 1891 1080 2010; x_wconf 85' lang='lat' dir='ltr'><strong>ImagoEcclesiae,</strong></span> <span class='ocrx_word' id='word_1_110' title='bbox 1106 1925 1208 1990; x_wconf 88' lang='lat' dir='ltr'><strong>Exod.</strong></span> <span class='ocrx_word' id='word_1_111' title='bbox 1227 1936 1285 1997; x_wconf 82' lang='grc'><strong>33.</strong></span> <span class='ocrx_word' id='word_1_112' title='bbox 1295 1919 1312 1946; x_wconf 84' lang='grc'>”</span> 
     </span>
     <span class='ocr_line' id='line_1_14' title="bbox 213 2032 289 2096; baseline -0.026 0"><span class='ocrx_word' id='word_1_113' title='bbox 213 2032 289 2096; x_wconf 81' lang='lat' dir='ltr'><strong>licii</strong></span> 
     </span>
     <span class='ocr_line' id='line_1_15' title="bbox 233 2031 1926 2217; baseline -0.008 -12"><span class='ocrx_word' id='word_1_114' title='bbox 233 2031 286 2205; x_wconf 85' lang='lat' dir='ltr'><strong>I9·</strong></span> <span class='ocrx_word' id='word_1_115' title='bbox 335 2135 446 2202; x_wconf 87' lang='lat' dir='ltr'><strong>Scribit</strong></span> <span class='ocrx_word' id='word_1_116' title='bbox 461 2140 565 2200; x_wconf 90' lang='lat' dir='ltr'><strong>amicis</strong></span> <span class='ocrx_word' id='word_1_117' title='bbox 580 2137 618 2198; x_wconf 90' lang='lat' dir='ltr'><strong>de</strong></span> <span class='ocrx_word' id='word_1_118' title='bbox 630 2139 739 2198; x_wconf 87' lang='lat' dir='ltr'><strong>misero</strong></span> <span class='ocrx_word' id='word_1_119' title='bbox 754 2147 832 2198; x_wconf 89' lang='lat' dir='ltr'><strong>statu</strong></span> <span class='ocrx_word' id='word_1_120' title='bbox 848 2141 1040 2200; x_wconf 89' lang='lat' dir='ltr'><strong>ecclesiarum</strong></span> <span class='ocrx_word' id='word_1_121' title='bbox 1055 2136 1304 2215; x_wconf 87' lang='lat' dir='ltr'><strong>Coloniensium,</strong></span> <span class='ocrx_word' id='word_1_122' title='bbox 1331 2147 1362 2196; x_wconf 90' lang='lat' dir='ltr'><strong>et</strong></span> <span class='ocrx_word' id='word_1_123' title='bbox 1377 2135 1415 2195; x_wconf 90' lang='lat' dir='ltr'><strong>de</strong></span> <span class='ocrx_word' id='word_1_124' title='bbox 1429 2156 1486 2212; x_wconf 91' lang='lat' dir='ltr'><strong>eo,</strong></span> <span class='ocrx_word' id='word_1_125' title='bbox 1515 2133 1598 2217; x_wconf 91' lang='lat' dir='ltr'><strong>quod</strong></span> <span class='ocrx_word' id='word_1_126' title='bbox 1618 2129 1744 2194; x_wconf 88' lang='lat' dir='ltr'><strong>Bonnae</strong></span> <span class='ocrx_word' id='word_1_127' title='bbox 1763 2145 1863 2192; x_wconf 88' lang='lat' dir='ltr'><strong>actum</strong></span> <span class='ocrx_word' id='word_1_128' title='bbox 1878 2134 1926 2193; x_wconf 88' lang='lat' dir='ltr'><strong>sit.</strong></span> 
     </span>
     <span class='ocr_line' id='line_1_16' title="bbox 242 2227 1702 2354; baseline -0.006 -18"><span class='ocrx_word' id='word_1_129' title='bbox 242 2341 244 2346; x_wconf 63' lang='grc'>,</span> <span class='ocrx_word' id='word_1_130' title='bbox 334 2271 534 2354; x_wconf 87' lang='lat' dir='ltr'><strong>Philippum,</strong></span> <span class='ocrx_word' id='word_1_131' title='bbox 558 2275 657 2334; x_wconf 84' lang='lat' dir='ltr'><strong>filium</strong></span> <span class='ocrx_word' id='word_1_132' title='bbox 673 2292 762 2332; x_wconf 91' lang='lat' dir='ltr'><strong>suum</strong></span> <span class='ocrx_word' id='word_1_133' title='bbox 777 2276 906 2354; x_wconf 83' lang='lat' dir='ltr'><strong>graviter</strong></span> <span class='ocrx_word' id='word_1_134' title='bbox 918 2273 1076 2353; x_wconf 85' lang='lat' dir='ltr'><strong>hortatur,</strong></span> <span class='ocrx_word' id='word_1_135' title='bbox 1103 2283 1138 2336; x_wconf 90' lang='lat' dir='ltr'><strong>ut</strong></span> <span class='ocrx_word' id='word_1_136' title='bbox 1153 2271 1282 2353; x_wconf 87' lang='lat' dir='ltr'><strong>diligens</strong></span> <span class='ocrx_word' id='word_1_137' title='bbox 1296 2273 1377 2333; x_wconf 84' lang='lat' dir='ltr'><strong>silet</strong></span> <span class='ocrx_word' id='word_1_138' title='bbox 1394 2272 1482 2330; x_wconf 89' lang='lat' dir='ltr'><strong>matri</strong></span> <span class='ocrx_word' id='word_1_139' title='bbox 1497 2227 1702 2351; x_wconf 26' lang='lat' dir='ltr'><strong>obsequatur.-</strong></span> 
     </span>
     <span class='ocr_line' id='line_1_17' title="bbox 227 2403 940 2490; baseline -0.004 -19"><span class='ocrx_word' id='word_1_140' title='bbox 227 2417 286 2480; x_wconf 93' lang='lat'><strong>11.</strong></span> <span class='ocrx_word' id='word_1_141' title='bbox 335 2403 462 2470; x_wconf 84' lang='lat' dir='ltr'><strong>Calvino</strong></span> <span class='ocrx_word' id='word_1_142' title='bbox 477 2408 580 2469; x_wconf 90' lang='lat' dir='ltr'><strong>scribit</strong></span> <span class='ocrx_word' id='word_1_143' title='bbox 594 2406 733 2467; x_wconf 90' lang='lat' dir='ltr'><strong>derebus</strong></span> <span class='ocrx_word' id='word_1_144' title='bbox 748 2406 940 2490; x_wconf 83' lang='lat' dir='ltr'><strong>theologicis.</strong></span> 
     </span>
     <span class='ocr_line' id='line_1_18' title="bbox 227 2537 998 2624; baseline -0.004 -20"><span class='ocrx_word' id='word_1_145' title='bbox 227 2550 285 2614; x_wconf 87' lang='lat'><strong>19.</strong></span> <span class='ocrx_word' id='word_1_146' title='bbox 333 2537 471 2603; x_wconf 84' lang='lat' dir='ltr'><strong>Lutlrero</strong></span> <span class='ocrx_word' id='word_1_147' title='bbox 485 2553 602 2620; x_wconf 87' lang='lat' dir='ltr'><strong>narrat,</strong></span> <span class='ocrx_word' id='word_1_148' title='bbox 629 2560 706 2624; x_wconf 88' lang='lat' dir='ltr'><strong>quae</strong></span> <span class='ocrx_word' id='word_1_149' title='bbox 720 2537 847 2603; x_wconf 89' lang='lat' dir='ltr'><strong>Bonnaa</strong></span> <span class='ocrx_word' id='word_1_150' title='bbox 862 2553 998 2624; x_wconf 85' lang='lat' dir='ltr'><strong>agantur.</strong></span> 
     </span>
    </p>
   </div>
   <div class='ocr_carea' id='block_1_9' title="bbox 226 2671 1410 2758">
    <p class='ocr_par' dir='ltr' id='par_1_9' title="bbox 226 2671 1410 2758">
     <span class='ocr_line' id='line_1_19' title="bbox 226 2671 1410 2758; baseline -0.005 -19"><span class='ocrx_word' id='word_1_151' title='bbox 226 2685 285 2749; x_wconf 77' lang='lat'><strong>23.</strong></span> <span class='ocrx_word' id='word_1_152' title='bbox 334 2672 428 2737; x_wconf 88' lang='lat' dir='ltr'><strong>Liber</strong></span> <span class='ocrx_word' id='word_1_153' title='bbox 444 2673 526 2739; x_wconf 84' lang='lat' dir='ltr'><strong>Cleri</strong></span> <span class='ocrx_word' id='word_1_154' title='bbox 541 2675 709 2738; x_wconf 88' lang='lat' dir='ltr'><strong>secundarii</strong></span> <span class='ocrx_word' id='word_1_155' title='bbox 724 2671 833 2740; x_wconf 89' lang='lat' dir='ltr'><strong>Colon.</strong></span> <span class='ocrx_word' id='word_1_156' title='bbox 851 2677 990 2740; x_wconf 81' lang='lat' dir='ltr'><strong>adversus</strong></span> <span class='ocrx_word' id='word_1_157' title='bbox 1004 2671 1284 2758; x_wconf 81' lang='lat' dir='ltr'><strong>Aschiepiscopum</strong></span> <span class='ocrx_word' id='word_1_158' title='bbox 1298 2671 1410 2756; x_wconf 80' lang='lat' dir='ltr'><strong>prodit.</strong></span> 
     </span>
    </p>
   </div>
   <div class='ocr_carea' id='block_1_10' title="bbox 334 2798 2366 2892">
    <p class='ocr_par' dir='ltr' id='par_1_10' title="bbox 334 2798 2366 2892">
     <span class='ocr_line' id='line_1_20' title="bbox 334 2798 2366 2892; baseline -0.006 -20"><span class='ocrx_word' id='word_1_159' title='bbox 334 2807 403 2872; x_wconf 88' lang='lat' dir='ltr'><strong>Hoc</strong></span> <span class='ocrx_word' id='word_1_160' title='bbox 425 2821 560 2892; x_wconf 89' lang='lat' dir='ltr'><strong>tempore</strong></span> <span class='ocrx_word' id='word_1_161' title='bbox 572 2807 751 2872; x_wconf 83' lang='lat' dir='ltr'><strong>iiIelsnthon</strong></span> <span class='ocrx_word' id='word_1_162' title='bbox 772 2809 903 2874; x_wconf 87' lang='lat' dir='ltr'><strong>formem</strong></span> <span class='ocrx_word' id='word_1_163' title='bbox 926 2830 1078 2875; x_wconf 86' lang='lat' dir='ltr'><strong>sacrorum</strong></span> <span class='ocrx_word' id='word_1_164' title='bbox 1098 2805 1383 2869; x_wconf 82' lang='lat' dir='ltr'><strong>emendandomma</strong></span> <span class='ocrx_word' id='word_1_165' title='bbox 1398 2801 1517 2866; x_wconf 88' lang='lat' dir='ltr'><strong>Bucero</strong></span> <span class='ocrx_word' id='word_1_166' title='bbox 1532 2798 1760 2882; x_wconf 88' lang='lat' dir='ltr'><strong>Achiepiscopo</strong></span> <span class='ocrx_word' id='word_1_167' title='bbox 1778 2799 1916 2860; x_wconf 78' lang='lat' dir='ltr'><strong>traditam</strong></span> <span class='ocrx_word' id='word_1_168' title='bbox 1932 2801 2061 2882; x_wconf 84' lang='lat' dir='ltr'><strong>perlegit</strong></span> <span class='ocrx_word' id='word_1_169' title='bbox 2076 2811 2105 2860; x_wconf 87' lang='lat' dir='ltr'><strong>et</strong></span> <span class='ocrx_word' id='word_1_170' title='bbox 2120 2819 2173 2860; x_wconf 91' lang='lat' dir='ltr'><strong>sua</strong></span> <span class='ocrx_word' id='word_1_171' title='bbox 2188 2801 2244 2860; x_wconf 91' lang='lat' dir='ltr'><strong>ad·</strong></span> <span class='ocrx_word' id='word_1_172' title='bbox 2365 2825 2366 2881; x_wconf 64' lang='lat' dir='ltr'><strong>t</strong></span> 
     </span>
    </p>
   </div>
   <div class='ocr_carea' id='block_1_11' title="bbox 386 2897 2242 3098">
    <p class='ocr_par' dir='ltr' id='par_1_11' title="bbox 386 2897 2242 3098">
     <span class='ocr_line' id='line_1_21' title="bbox 386 2897 2242 2996; baseline -0.006 -22"><span class='ocrx_word' id='word_1_173' title='bbox 386 2913 439 2974; x_wconf 90' lang='lat' dir='ltr'><strong>dit.</strong></span> <span class='ocrx_word' id='word_1_174' title='bbox 465 2939 517 2953; x_wconf 94' lang='grc'><strong>·-</strong></span> <span class='ocrx_word' id='word_1_175' title='bbox 568 2911 676 2996; x_wconf 81' lang='lat' dir='ltr'><strong>Capita</strong></span> <span class='ocrx_word' id='word_1_176' title='bbox 698 2914 734 2974; x_wconf 89' lang='lat' dir='ltr'><strong>de</strong></span> <span class='ocrx_word' id='word_1_177' title='bbox 748 2911 913 2994; x_wconf 84' lang='lat' dir='ltr'><strong>Trinitate,</strong></span> <span class='ocrx_word' id='word_1_178' title='bbox 939 2916 977 2977; x_wconf 93' lang='lat' dir='ltr'><strong>de</strong></span> <span class='ocrx_word' id='word_1_179' title='bbox 1001 2917 1169 2990; x_wconf 82' lang='lat' dir='ltr'><strong>creatione,</strong></span> <span class='ocrx_word' id='word_1_180' title='bbox 1195 2911 1233 2972; x_wconf 87' lang='lat' dir='ltr'><strong>da</strong></span> <span class='ocrx_word' id='word_1_181' title='bbox 1253 2920 1375 2992; x_wconf 87' lang='lat' dir='ltr'><strong>peccato</strong></span> <span class='ocrx_word' id='word_1_182' title='bbox 1391 2909 1536 2987; x_wconf 85' lang='lat' dir='ltr'><strong>originis,</strong></span> <span class='ocrx_word' id='word_1_183' title='bbox 1559 2905 1596 2964; x_wconf 89' lang='lat' dir='ltr'><strong>de</strong></span> <span class='ocrx_word' id='word_1_184' title='bbox 1611 2905 1726 2965; x_wconf 85' lang='lat' dir='ltr'><strong>iustitia</strong></span> <span class='ocrx_word' id='word_1_185' title='bbox 1741 2901 1810 2962; x_wconf 84' lang='lat' dir='ltr'><strong>fidei</strong></span> <span class='ocrx_word' id='word_1_186' title='bbox 1824 2916 1853 2963; x_wconf 93' lang='lat' dir='ltr'><strong>et</strong></span> <span class='ocrx_word' id='word_1_187' title='bbox 1869 2923 1996 2984; x_wconf 82' lang='lat' dir='ltr'><strong>operum</strong></span> <span class='ocrx_word' id='word_1_188' title='bbox 2009 2901 2047 2963; x_wconf 84' lang='lat' dir='ltr'><strong>dc</strong></span> <span class='ocrx_word' id='word_1_189' title='bbox 2059 2897 2194 2963; x_wconf 85' lang='lat' dir='ltr'><strong>Ecclesia</strong></span> <span class='ocrx_word' id='word_1_190' title='bbox 2212 2916 2242 2964; x_wconf 87' lang='lat' dir='ltr'><strong>et</strong></span> 
     </span>
     <span class='ocr_line' id='line_1_22' title="bbox 386 3013 1704 3098; baseline -0.006 -22"><span class='ocrx_word' id='word_1_191' title='bbox 386 3015 423 3076; x_wconf 90' lang='lat' dir='ltr'><strong>de</strong></span> <span class='ocrx_word' id='word_1_192' title='bbox 436 3015 622 3098; x_wconf 84' lang='lat' dir='ltr'><strong>poenitentia</strong></span> <span class='ocrx_word' id='word_1_193' title='bbox 634 3020 667 3078; x_wconf 91' lang='lat' dir='ltr'><strong>in</strong></span> <span class='ocrx_word' id='word_1_194' title='bbox 683 3019 761 3078; x_wconf 91' lang='lat' dir='ltr'><strong>libro</strong></span> <span class='ocrx_word' id='word_1_195' title='bbox 778 3014 955 3080; x_wconf 87' lang='lat' dir='ltr'><strong>Coloniensi</strong></span> <span class='ocrx_word' id='word_1_196' title='bbox 971 3015 1200 3080; x_wconf 85' lang='lat' dir='ltr'><strong>Melanthonem</strong></span> <span class='ocrx_word' id='word_1_197' title='bbox 1216 3013 1328 3074; x_wconf 88' lang='lat' dir='ltr'><strong>habeut</strong></span> <span class='ocrx_word' id='word_1_198' title='bbox 1341 3024 1505 3072; x_wconf 83' lang='lat' dir='ltr'><strong>auctorem.</strong></span> <span class='ocrx_word' id='word_1_199' title='bbox 1702 3019 1704 3026; x_wconf 90' lang='lat'>&#39;</span> 
     </span>
    </p>
   </div>
   <div class='ocr_carea' id='block_1_12' title="bbox 226 3133 2243 3321">
    <p class='ocr_par' dir='ltr' id='par_1_12' title="bbox 226 3133 2243 3321">
     <span class='ocr_line' id='line_1_23' title="bbox 226 3133 2243 3231; baseline -0.004 -22"><span class='ocrx_word' id='word_1_200' title='bbox 226 3159 285 3224; x_wconf 79' lang='lat'><strong>26.</strong></span> <span class='ocrx_word' id='word_1_201' title='bbox 335 3144 461 3212; x_wconf 89' lang='lat' dir='ltr'><strong>Carolus</strong></span> <span class='ocrx_word' id='word_1_202' title='bbox 485 3143 652 3231; x_wconf 84' lang='lat' dir='ltr'><strong>Imperator</strong></span> <span class='ocrx_word' id='word_1_203' title='bbox 673 3147 792 3213; x_wconf 85' lang='lat' dir='ltr'><strong>Ducem</strong></span> <span class='ocrx_word' id='word_1_204' title='bbox 817 3147 891 3214; x_wconf 88' lang='lat' dir='ltr'><strong>Sax.</strong></span> <span class='ocrx_word' id='word_1_205' title='bbox 911 3149 1082 3215; x_wconf 87' lang='lat' dir='ltr'><strong>Electorem</strong></span> <span class='ocrx_word' id='word_1_206' title='bbox 1104 3163 1134 3211; x_wconf 87' lang='lat' dir='ltr'><strong>at</strong></span> <span class='ocrx_word' id='word_1_207' title='bbox 1154 3147 1334 3229; x_wconf 89' lang='lat' dir='ltr'><strong>Philippum</strong></span> <span class='ocrx_word' id='word_1_208' title='bbox 1355 3140 1489 3224; x_wconf 85' lang='lat' dir='ltr'><strong>Landgr.</strong></span> <span class='ocrx_word' id='word_1_209' title='bbox 1513 3141 1649 3202; x_wconf 87' lang='lat' dir='ltr'><strong>hortatur</strong></span> <span class='ocrx_word' id='word_1_210' title='bbox 1671 3157 1725 3218; x_wconf 89' lang='lat' dir='ltr'><strong>per</strong></span> <span class='ocrx_word' id='word_1_211' title='bbox 1747 3139 1864 3215; x_wconf 84' lang='lat' dir='ltr'><strong>literas,</strong></span> <span class='ocrx_word' id='word_1_212' title='bbox 1894 3133 2017 3200; x_wconf 87' lang='lat' dir='ltr'><strong>Genaae</strong></span> <span class='ocrx_word' id='word_1_213' title='bbox 2040 3141 2182 3220; x_wconf 87' lang='lat' dir='ltr'><strong>scriptas,</strong></span> <span class='ocrx_word' id='word_1_214' title='bbox 2210 3154 2243 3200; x_wconf 90' lang='lat' dir='ltr'><strong>ut</strong></span> 
     </span>
     <span class='ocr_line' id='line_1_24' title="bbox 385 3252 922 3321; baseline 0.006 -7"><span class='ocrx_word' id='word_1_215' title='bbox 385 3255 499 3314; x_wconf 85' lang='lat' dir='ltr'><strong>auxilia</strong></span> <span class='ocrx_word' id='word_1_216' title='bbox 514 3259 634 3318; x_wconf 84' lang='lat' dir='ltr'><strong>mittant</strong></span> <span class='ocrx_word' id='word_1_217' title='bbox 648 3255 786 3318; x_wconf 82' lang='lat' dir='ltr'><strong>adversus</strong></span> <span class='ocrx_word' id='word_1_218' title='bbox 799 3252 922 3321; x_wconf 81' lang='lat' dir='ltr'><strong>Tuross.</strong></span> 
     </span>
    </p>
   </div>
   <div class='ocr_carea' id='block_1_13' title="bbox 10 3355 289 3424">
    <p class='ocr_par' dir='ltr' id='par_1_13' title="bbox 10 3355 289 3424">
     <span class='ocr_line' id='line_1_25' title="bbox 10 3355 289 3424; baseline 0 -2"><span class='ocrx_word' id='word_1_219' title='bbox 10 3355 289 3424; x_wconf 73' lang='lat' dir='ltr'><strong>’&#39;Iun.</strong></span> 
     </span>
    </p>
   </div>
   <div class='ocr_carea' id='block_1_14' title="bbox 197 3457 2234 5016">
    <p class='ocr_par' dir='ltr' id='par_1_14' title="bbox 197 3457 2234 5016">
     <span class='ocr_line' id='line_1_26' title="bbox 334 3457 1475 3548; baseline -0.005 -27"><span class='ocrx_word' id='word_1_220' title='bbox 334 3457 512 3523; x_wconf 85' lang='lat' dir='ltr'><strong>Melanthon</strong></span> <span class='ocrx_word' id='word_1_221' title='bbox 529 3467 631 3525; x_wconf 87' lang='lat' dir='ltr'><strong>scribit</strong></span> <span class='ocrx_word' id='word_1_222' title='bbox 645 3487 820 3548; x_wconf 87' lang='lat' dir='ltr'><strong>responsum</strong></span> <span class='ocrx_word' id='word_1_223' title='bbox 839 3465 878 3526; x_wconf 88' lang='lat' dir='ltr'><strong>ad</strong></span> <span class='ocrx_word' id='word_1_224' title='bbox 892 3463 1016 3527; x_wconf 83' lang='lat' dir='ltr'><strong>Clarum</strong></span> <span class='ocrx_word' id='word_1_225' title='bbox 1029 3465 1237 3528; x_wconf 86' lang='lat' dir='ltr'><strong>secundarium</strong></span> <span class='ocrx_word' id='word_1_226' title='bbox 1252 3459 1475 3524; x_wconf 86' lang='lat' dir='ltr'><strong>Coloniensem.</strong></span> 
     </span>
     <span class='ocr_line' id='line_1_27' title="bbox 250 3579 1872 3684; baseline -0.012 -27"><span class='ocrx_word' id='word_1_227' title='bbox 250 3601 283 3663; x_wconf 92' lang='lat'><strong>1.</strong></span> <span class='ocrx_word' id='word_1_228' title='bbox 335 3593 472 3678; x_wconf 89' lang='lat' dir='ltr'><strong>Epistola</strong></span> <span class='ocrx_word' id='word_1_229' title='bbox 487 3593 584 3680; x_wconf 83' lang='lat' dir='ltr'><strong>Papae</strong></span> <span class='ocrx_word' id='word_1_230' title='bbox 600 3599 637 3660; x_wconf 90' lang='lat' dir='ltr'><strong>ad</strong></span> <span class='ocrx_word' id='word_1_231' title='bbox 652 3603 781 3682; x_wconf 85' lang='lat' dir='ltr'><strong>collegas</strong></span> <span class='ocrx_word' id='word_1_232' title='bbox 797 3603 932 3683; x_wconf 84' lang='lat' dir='ltr'><strong>primarii</strong></span> <span class='ocrx_word' id='word_1_233' title='bbox 946 3603 1054 3684; x_wconf 85' lang='lat' dir='ltr'><strong>templi</strong></span> <span class='ocrx_word' id='word_1_234' title='bbox 1068 3597 1235 3676; x_wconf 82' lang='lat' dir='ltr'><strong>Coloniae,</strong></span> <span class='ocrx_word' id='word_1_235' title='bbox 1261 3618 1300 3658; x_wconf 89' lang='lat' dir='ltr'><strong>ne</strong></span> <span class='ocrx_word' id='word_1_236' title='bbox 1316 3596 1516 3656; x_wconf 82' lang='lat' dir='ltr'><strong>mutationem</strong></span> <span class='ocrx_word' id='word_1_237' title='bbox 1532 3605 1684 3650; x_wconf 86' lang='lat' dir='ltr'><strong>sacrorum</strong></span> <span class='ocrx_word' id='word_1_238' title='bbox 1698 3579 1872 3644; x_wconf 88' lang='lat' dir='ltr'><strong>concedant.</strong></span> 
     </span>
     <span class='ocr_line' id='line_1_28' title="bbox 228 3727 1381 3808; baseline 0 -18"><span class='ocrx_word' id='word_1_239' title='bbox 228 3733 286 3808; x_wconf 83' lang='lat'><strong>19.</strong></span> <span class='ocrx_word' id='word_1_240' title='bbox 334 3727 541 3791; x_wconf 83' lang='lat' dir='ltr'><strong>Melanthonis</strong></span> <span class='ocrx_word' id='word_1_241' title='bbox 552 3735 672 3796; x_wconf 87' lang='lat' dir='ltr'><strong>libellus</strong></span> <span class='ocrx_word' id='word_1_242' title='bbox 687 3734 827 3795; x_wconf 76' lang='lat' dir='ltr'><strong>adversus</strong></span> <span class='ocrx_word' id='word_1_243' title='bbox 843 3731 965 3796; x_wconf 82' lang='lat' dir='ltr'><strong>Clarum</strong></span> <span class='ocrx_word' id='word_1_244' title='bbox 981 3732 1195 3795; x_wconf 87' lang='lat' dir='ltr'><strong>Coloniensem</strong></span> <span class='ocrx_word' id='word_1_245' title='bbox 1211 3731 1309 3792; x_wconf 87' lang='lat' dir='ltr'><strong>editus</strong></span> <span class='ocrx_word' id='word_1_246' title='bbox 1327 3741 1381 3790; x_wconf 89' lang='lat' dir='ltr'><strong>est.</strong></span> 
     </span>
     <span class='ocr_line' id='line_1_29' title="bbox 227 3831 1471 3948; baseline -0.011 -16"><span class='ocrx_word' id='word_1_247' title='bbox 227 3869 287 3932; x_wconf 80' lang='lat'><strong>20.</strong></span> <span class='ocrx_word' id='word_1_248' title='bbox 335 3863 409 3926; x_wconf 85' lang='lat' dir='ltr'><strong>llel.</strong></span> <span class='ocrx_word' id='word_1_249' title='bbox 425 3869 546 3948; x_wconf 84' lang='lat' dir='ltr'><strong>prolixe</strong></span> <span class='ocrx_word' id='word_1_250' title='bbox 562 3869 665 3930; x_wconf 87' lang='lat' dir='ltr'><strong>scribit</strong></span> <span class='ocrx_word' id='word_1_251' title='bbox 679 3868 717 3928; x_wconf 94' lang='lat' dir='ltr'><strong>ad</strong></span> <span class='ocrx_word' id='word_1_252' title='bbox 735 3831 880 3932; x_wconf 75' lang='lat' dir='ltr'><strong>Senatum</strong></span> <span class='ocrx_word' id='word_1_253' title='bbox 893 3865 1075 3933; x_wconf 77' lang='lat' dir='ltr'><strong>Suessanum</strong></span> <span class='ocrx_word' id='word_1_254' title='bbox 1089 3868 1125 3928; x_wconf 86' lang='lat' dir='ltr'><strong>de</strong></span> <span class='ocrx_word' id='word_1_255' title='bbox 1141 3863 1332 3930; x_wconf 87' lang='lat' dir='ltr'><strong>instituendis</strong></span> <span class='ocrx_word' id='word_1_256' title='bbox 1349 3861 1471 3924; x_wconf 86' lang='lat' dir='ltr'><strong>scholis.</strong></span> 
     </span>
     <span class='ocr_line' id='line_1_30' title="bbox 227 3981 1851 4087; baseline -0.015 -22"><span class='ocrx_word' id='word_1_257' title='bbox 227 4002 287 4065; x_wconf 78' lang='lat'><strong>22.</strong></span> <span class='ocrx_word' id='word_1_258' title='bbox 336 3997 510 4063; x_wconf 78' lang='lat' dir='ltr'><strong>Conventus</strong></span> <span class='ocrx_word' id='word_1_259' title='bbox 525 4001 665 4062; x_wconf 89' lang='lat' dir='ltr'><strong>ordinum</strong></span> <span class='ocrx_word' id='word_1_260' title='bbox 681 3999 929 4081; x_wconf 87' lang='lat' dir='ltr'><strong>Coloniensium,</strong></span> <span class='ocrx_word' id='word_1_261' title='bbox 955 4003 1064 4087; x_wconf 88' lang='lat' dir='ltr'><strong>quibus</strong></span> <span class='ocrx_word' id='word_1_262' title='bbox 1080 4003 1206 4066; x_wconf 87' lang='lat' dir='ltr'><strong>traditur</strong></span> <span class='ocrx_word' id='word_1_263' title='bbox 1219 4002 1257 4060; x_wconf 89' lang='lat' dir='ltr'><strong>ab</strong></span> <span class='ocrx_word' id='word_1_264' title='bbox 1272 3995 1514 4076; x_wconf 82' lang='lat' dir='ltr'><strong>Archiepiscopo</strong></span> <span class='ocrx_word' id='word_1_265' title='bbox 1529 3992 1605 4052; x_wconf 90' lang='lat' dir='ltr'><strong>liber</strong></span> <span class='ocrx_word' id='word_1_266' title='bbox 1619 3981 1851 4044; x_wconf 77' lang='lat' dir='ltr'><strong>reformationis.</strong></span> 
     </span>
     <span class='ocr_line' id='line_1_31' title="bbox 336 4129 1092 4217; baseline 0.004 -24"><span class='ocrx_word' id='word_1_267' title='bbox 336 4129 475 4195; x_wconf 86' lang='lat' dir='ltr'><strong>Exeunte</strong></span> <span class='ocrx_word' id='word_1_268' title='bbox 492 4129 582 4196; x_wconf 85' lang='lat' dir='ltr'><strong>iunio</strong></span> <span class='ocrx_word' id='word_1_269' title='bbox 600 4133 687 4217; x_wconf 87' lang='lat' dir='ltr'><strong>Casp.</strong></span> <span class='ocrx_word' id='word_1_270' title='bbox 705 4135 804 4198; x_wconf 92' lang='lat' dir='ltr'><strong>Hedio</strong></span> <span class='ocrx_word' id='word_1_271' title='bbox 820 4143 902 4199; x_wconf 82' lang='lat' dir='ltr'><strong>venit</strong></span> <span class='ocrx_word' id='word_1_272' title='bbox 922 4134 1092 4199; x_wconf 89' lang='lat' dir='ltr'><strong>Coloniam.</strong></span> 
     </span>
     <span class='ocr_line' id='line_1_32' title="bbox 222 4237 2202 4333; baseline -0.012 -1"><span class='ocrx_word' id='word_1_273' title='bbox 222 4265 283 4333; x_wconf 91' lang='lat' dir='ltr'><strong>lul.</strong></span> <span class='ocrx_word' id='word_1_274' title='bbox 336 4263 515 4330; x_wconf 81' lang='lat' dir='ltr'><strong>Melanthon</strong></span> <span class='ocrx_word' id='word_1_275' title='bbox 529 4266 654 4330; x_wconf 90' lang='lat' dir='ltr'><strong>Bonnae</strong></span> <span class='ocrx_word' id='word_1_276' title='bbox 669 4272 770 4332; x_wconf 90' lang='lat' dir='ltr'><strong>scribit</strong></span> <span class='ocrx_word' id='word_1_277' title='bbox 785 4273 923 4332; x_wconf 89' lang='lat' dir='ltr'><strong>libellum</strong></span> <span class='ocrx_word' id='word_1_278' title='bbox 937 4270 974 4331; x_wconf 90' lang='lat' dir='ltr'><strong>de</strong></span> <span class='ocrx_word' id='word_1_279' title='bbox 989 4271 1160 4331; x_wconf 85' lang='lat' dir='ltr'><strong>discrimine</strong></span> <span class='ocrx_word' id='word_1_280' title='bbox 1173 4268 1280 4328; x_wconf 80' lang='lat' dir='ltr'><strong>veteris</strong></span> <span class='ocrx_word' id='word_1_281' title='bbox 1295 4275 1325 4325; x_wconf 89' lang='lat' dir='ltr'><strong>et</strong></span> <span class='ocrx_word' id='word_1_282' title='bbox 1337 4265 1412 4323; x_wconf 82' lang='lat' dir='ltr'><strong>novi</strong></span> <span class='ocrx_word' id='word_1_283' title='bbox 1427 4255 1581 4332; x_wconf 82' lang='lat' dir='ltr'><strong>Testem,</strong></span> <span class='ocrx_word' id='word_1_284' title='bbox 1608 4252 1661 4333; x_wconf 85' lang='lat' dir='ltr'><strong>qui</strong></span> <span class='ocrx_word' id='word_1_285' title='bbox 1676 4258 1780 4330; x_wconf 68' lang='lat' dir='ltr'><strong>postet</strong></span> <span class='ocrx_word' id='word_1_286' title='bbox 1792 4247 1915 4304; x_wconf 59' lang='lat' dir='ltr'><strong>ineunte</strong></span> <span class='ocrx_word' id='word_1_287' title='bbox 1930 4237 2022 4303; x_wconf 66' lang='grc' dir='ltr'><strong>θεὼ·</strong></span> <span class='ocrx_word' id='word_1_288' title='bbox 2038 4243 2133 4304; x_wconf 76' lang='lat' dir='ltr'><strong>editu·</strong></span> <span class='ocrx_word' id='word_1_289' title='bbox 2149 4258 2202 4306; x_wconf 86' lang='lat' dir='ltr'><strong>est.</strong></span> 
     </span>
     <span class='ocr_line' id='line_1_33' title="bbox 251 4367 2158 4486; baseline -0.005 -23"><span class='ocrx_word' id='word_1_290' title='bbox 251 4411 287 4472; x_wconf 83' lang='grc'><strong>6.</strong></span> <span class='ocrx_word' id='word_1_291' title='bbox 337 4399 418 4483; x_wconf 88' lang='lat' dir='ltr'><strong>Papa</strong></span> <span class='ocrx_word' id='word_1_292' title='bbox 434 4375 597 4464; x_wconf 83' lang='lat' dir='ltr'><strong>concilium</strong></span> <span class='ocrx_word' id='word_1_293' title='bbox 610 4403 758 4465; x_wconf 90' lang='lat' dir='ltr'><strong>indictum</strong></span> <span class='ocrx_word' id='word_1_294' title='bbox 772 4409 883 4466; x_wconf 91' lang='lat' dir='ltr'><strong>iterum</strong></span> <span class='ocrx_word' id='word_1_295' title='bbox 898 4416 1050 4486; x_wconf 86' lang='lat' dir='ltr'><strong>prorogat.</strong></span> <span class='ocrx_word' id='word_1_296' title='bbox 2155 4367 2158 4374; x_wconf 24' lang='grc' dir='ltr'>ι</span> 
     </span>
     <span class='ocr_line' id='line_1_34' title="bbox 225 4531 1301 4621; baseline -0.006 -22"><span class='ocrx_word' id='word_1_297' title='bbox 225 4543 284 4608; x_wconf 79' lang='lat'><strong>12.</strong></span> <span class='ocrx_word' id='word_1_298' title='bbox 338 4531 485 4598; x_wconf 82' lang='lat' dir='ltr'><strong>Concedit</strong></span> <span class='ocrx_word' id='word_1_299' title='bbox 497 4533 755 4621; x_wconf 83' lang='lat' dir='ltr'><strong>Archiepiscopus</strong></span> <span class='ocrx_word' id='word_1_300' title='bbox 769 4535 977 4619; x_wconf 84' lang='lat' dir='ltr'><strong>Melanthoni,</strong></span> <span class='ocrx_word' id='word_1_301' title='bbox 1003 4551 1038 4600; x_wconf 90' lang='lat' dir='ltr'><strong>ut</strong></span> <span class='ocrx_word' id='word_1_302' title='bbox 1054 4535 1180 4598; x_wconf 88' lang='lat' dir='ltr'><strong>domum</strong></span> <span class='ocrx_word' id='word_1_303' title='bbox 1192 4533 1301 4596; x_wconf 90' lang='lat' dir='ltr'><strong>redeat.</strong></span> 
     </span>
     <span class='ocr_line' id='line_1_35' title="bbox 230 4653 1724 4754; baseline -0.012 -25"><span class='ocrx_word' id='word_1_304' title='bbox 230 4679 285 4742; x_wconf 85' lang='lat'><strong>13.</strong></span> <span class='ocrx_word' id='word_1_305' title='bbox 337 4665 469 4730; x_wconf 87' lang='lat' dir='ltr'><strong>Caesaris</strong></span> <span class='ocrx_word' id='word_1_306' title='bbox 483 4677 630 4735; x_wconf 87' lang='lat' dir='ltr'><strong>exercitus</strong></span> <span class='ocrx_word' id='word_1_307' title='bbox 646 4661 754 4735; x_wconf 86' lang='lat' dir='ltr'><strong>missus</strong></span> <span class='ocrx_word' id='word_1_308' title='bbox 770 4675 908 4737; x_wconf 78' lang='lat' dir='ltr'><strong>adsersus</strong></span> <span class='ocrx_word' id='word_1_309' title='bbox 924 4671 1042 4737; x_wconf 86' lang='lat' dir='ltr'><strong>Ducem</strong></span> <span class='ocrx_word' id='word_1_310' title='bbox 1055 4671 1227 4740; x_wconf 86' lang='lat' dir='ltr'><strong>Cliveusam</strong></span> <span class='ocrx_word' id='word_1_311' title='bbox 1242 4670 1373 4732; x_wconf 84' lang='lat' dir='ltr'><strong>venitin</strong></span> <span class='ocrx_word' id='word_1_312' title='bbox 1392 4663 1535 4726; x_wconf 80' lang='lat' dir='ltr'><strong>viciniam</strong></span> <span class='ocrx_word' id='word_1_313' title='bbox 1552 4653 1688 4718; x_wconf 88' lang='lat' dir='ltr'><strong>Bonnae.</strong></span> <span class='ocrx_word' id='word_1_314' title='bbox 1720 4745 1724 4754; x_wconf 28' lang='grc' dir='ltr'>ι</span> 
     </span>
     <span class='ocr_line' id='line_1_36' title="bbox 226 4765 2197 4891; baseline -0.017 -16"><span class='ocrx_word' id='word_1_315' title='bbox 226 4813 284 4877; x_wconf 82' lang='lat'><strong>18.</strong></span> <span class='ocrx_word' id='word_1_316' title='bbox 335 4799 408 4865; x_wconf 75' lang='lat' dir='ltr'><strong>Mel·</strong></span> <span class='ocrx_word' id='word_1_317' title='bbox 424 4805 452 4865; x_wconf 86' lang='lat' dir='ltr'><strong>d·</strong></span> <span class='ocrx_word' id='word_1_318' title='bbox 474 4810 530 4872; x_wconf 90' lang='lat'><strong>18.</strong></span> <span class='ocrx_word' id='word_1_319' title='bbox 546 4801 607 4868; x_wconf 91' lang='lat' dir='ltr'><strong>Iul.</strong></span> <span class='ocrx_word' id='word_1_320' title='bbox 623 4811 689 4870; x_wconf 81' lang='lat' dir='ltr'><strong>vnn</strong></span> <span class='ocrx_word' id='word_1_321' title='bbox 703 4811 801 4888; x_wconf 89' lang='lat' dir='ltr'><strong>abire,</strong></span> <span class='ocrx_word' id='word_1_322' title='bbox 827 4811 880 4872; x_wconf 89' lang='lat' dir='ltr'><strong>sed</strong></span> <span class='ocrx_word' id='word_1_323' title='bbox 894 4815 1038 4872; x_wconf 85' lang='lat' dir='ltr'><strong>retinetur</strong></span> <span class='ocrx_word' id='word_1_324' title='bbox 1052 4811 1190 4891; x_wconf 88' lang='lat' dir='ltr'><strong>precibus</strong></span> <span class='ocrx_word' id='word_1_325' title='bbox 1201 4808 1369 4881; x_wconf 90' lang='lat' dir='ltr'><strong>nobilium,</strong></span> <span class='ocrx_word' id='word_1_326' title='bbox 1395 4799 1449 4884; x_wconf 91' lang='lat' dir='ltr'><strong>qui</strong></span> <span class='ocrx_word' id='word_1_327' title='bbox 1462 4804 1587 4876; x_wconf 88' lang='lat' dir='ltr'><strong>rogant,</strong></span> <span class='ocrx_word' id='word_1_328' title='bbox 1613 4810 1652 4850; x_wconf 91' lang='lat' dir='ltr'><strong>ne</strong></span> <span class='ocrx_word' id='word_1_329' title='bbox 1667 4765 1735 4848; x_wconf 85' lang='lat' dir='ltr'><strong>ante</strong></span> <span class='ocrx_word' id='word_1_330' title='bbox 1751 4793 1933 4844; x_wconf 81' lang='lat' dir='ltr'><strong>conventum</strong></span> <span class='ocrx_word' id='word_1_331' title='bbox 1949 4775 2088 4840; x_wconf 89' lang='lat' dir='ltr'><strong>ordinum</strong></span> <span class='ocrx_word' id='word_1_332' title='bbox 2103 4777 2197 4842; x_wconf 88' lang='lat' dir='ltr'><strong>abeat.</strong></span> 
     </span>
     <span class='ocr_line' id='line_1_37' title="bbox 197 4907 2234 5016; baseline 0.004 -14"><span class='ocrx_word' id='word_1_333' title='bbox 197 4943 298 5016; x_wconf 67' lang='lat' dir='ltr'><strong>abac</strong></span> <span class='ocrx_word' id='word_1_334' title='bbox 334 4935 453 5001; x_wconf 77' lang='lat' dir='ltr'><strong>Amicis</strong></span> <span class='ocrx_word' id='word_1_335' title='bbox 469 4937 646 5003; x_wconf 86' lang='lat' dir='ltr'><strong>Melanthon</strong></span> <span class='ocrx_word' id='word_1_336' title='bbox 664 4945 766 5006; x_wconf 88' lang='lat' dir='ltr'><strong>scribit</strong></span> <span class='ocrx_word' id='word_1_337' title='bbox 779 4945 938 5007; x_wconf 87' lang='lat' dir='ltr'><strong>historiam</strong></span> <span class='ocrx_word' id='word_1_338' title='bbox 952 4957 1126 5010; x_wconf 83' lang='lat' dir='ltr'><strong>conventus.</strong></span> <span class='ocrx_word' id='word_1_339' title='bbox 2231 4907 2234 4914; x_wconf 33' lang='grc' dir='ltr'>Ι</span> 
     </span>
    </p>
   </div>
   <div class='ocr_carea' id='block_1_15' title="bbox 225 5043 2245 5241">
    <p class='ocr_par' dir='ltr' id='par_1_15' title="bbox 225 5043 2245 5241">
     <span class='ocr_line' id='line_1_38' title="bbox 225 5043 2245 5166; baseline -0.019 -18"><span class='ocrx_word' id='word_1_340' title='bbox 225 5080 285 5148; x_wconf 79' lang='lat'><strong>26.</strong></span> <span class='ocrx_word' id='word_1_341' title='bbox 334 5073 461 5138; x_wconf 88' lang='lat' dir='ltr'><strong>Carolus</strong></span> <span class='ocrx_word' id='word_1_342' title='bbox 474 5070 641 5160; x_wconf 85' lang='lat' dir='ltr'><strong>imperator</strong></span> <span class='ocrx_word' id='word_1_343' title='bbox 657 5083 739 5144; x_wconf 77' lang='lat' dir='ltr'><strong>vetut</strong></span> <span class='ocrx_word' id='word_1_344' title='bbox 753 5075 893 5161; x_wconf 85' lang='lat' dir='ltr'><strong>Spiram,</strong></span> <span class='ocrx_word' id='word_1_345' title='bbox 919 5081 959 5144; x_wconf 88' lang='lat' dir='ltr'><strong>ed</strong></span> <span class='ocrx_word' id='word_1_346' title='bbox 974 5103 1066 5166; x_wconf 87' lang='lat' dir='ltr'><strong>quem</strong></span> <span class='ocrx_word' id='word_1_347' title='bbox 1080 5078 1276 5162; x_wconf 86' lang='lat' dir='ltr'><strong>proficiscitur</strong></span> <span class='ocrx_word' id='word_1_348' title='bbox 1290 5071 1500 5146; x_wconf 86' lang='lat' dir='ltr'><strong>Hermannus,</strong></span> <span class='ocrx_word' id='word_1_349' title='bbox 1533 5057 1680 5143; x_wconf 82' lang='lat' dir='ltr'><strong>Archiap.</strong></span> <span class='ocrx_word' id='word_1_350' title='bbox 1695 5051 1826 5132; x_wconf 90' lang='lat' dir='ltr'><strong>Colon.,</strong></span> <span class='ocrx_word' id='word_1_351' title='bbox 1855 5051 2062 5134; x_wconf 80' lang='lat' dir='ltr'><strong>deprecaturus</strong></span> <span class='ocrx_word' id='word_1_352' title='bbox 2085 5067 2140 5132; x_wconf 90' lang='lat' dir='ltr'><strong>pro</strong></span> <span class='ocrx_word' id='word_1_353' title='bbox 2156 5043 2245 5110; x_wconf 90' lang='lat' dir='ltr'><strong>Duce</strong></span> 
     </span>
     <span class='ocr_line' id='line_1_39' title="bbox 385 5174 509 5241; baseline -0.016 0"><span class='ocrx_word' id='word_1_354' title='bbox 385 5174 509 5241; x_wconf 72' lang='lat' dir='ltr'><strong>Cliniae.</strong></span> 
     </span>
    </p>
   </div>
   <div class='ocr_carea' id='block_1_16' title="bbox 222 5312 916 5386">
    <p class='ocr_par' dir='ltr' id='par_1_16' title="bbox 222 5312 916 5386">
     <span class='ocr_line' id='line_1_40' title="bbox 222 5312 916 5386; baseline 0.014 -14"><span class='ocrx_word' id='word_1_355' title='bbox 222 5323 281 5386; x_wconf 81' lang='lat'><strong>28.</strong></span> <span class='ocrx_word' id='word_1_356' title='bbox 333 5315 381 5372; x_wconf 83' lang='lat' dir='ltr'><strong>vel</strong></span> <span class='ocrx_word' id='word_1_357' title='bbox 398 5313 426 5374; x_wconf 92' lang='lat' dir='ltr'><strong>d.</strong></span> <span class='ocrx_word' id='word_1_358' title='bbox 448 5321 506 5381; x_wconf 78' lang='lat'><strong>29.</strong></span> <span class='ocrx_word' id='word_1_359' title='bbox 521 5312 702 5380; x_wconf 75' lang='lat' dir='ltr'><strong>Melanthos</strong></span> <span class='ocrx_word' id='word_1_360' title='bbox 718 5320 780 5380; x_wconf 87' lang='lat' dir='ltr'><strong>abit</strong></span> <span class='ocrx_word' id='word_1_361' title='bbox 795 5315 916 5382; x_wconf 86' lang='lat' dir='ltr'><strong>Bonna.</strong></span> 
     </span>
    </p>
   </div>
   <div class='ocr_carea' id='block_1_17' title="bbox 220 5444 1924 5548">
    <p class='ocr_par' dir='ltr' id='par_1_17' title="bbox 220 5444 1924 5548">
     <span class='ocr_line' id='line_1_41' title="bbox 220 5444 1924 5548; baseline -0.023 -10"><span class='ocrx_word' id='word_1_362' title='bbox 220 5473 280 5538; x_wconf 77' lang='grc'><strong>80.</strong></span> <span class='ocrx_word' id='word_1_363' title='bbox 330 5458 385 5524; x_wconf 81' lang='lat' dir='ltr'><strong>Est</strong></span> <span class='ocrx_word' id='word_1_364' title='bbox 399 5465 432 5524; x_wconf 93' lang='lat' dir='ltr'><strong>in</strong></span> <span class='ocrx_word' id='word_1_365' title='bbox 448 5485 513 5526; x_wconf 89' lang='lat' dir='ltr'><strong>arce</strong></span> <span class='ocrx_word' id='word_1_366' title='bbox 528 5461 748 5530; x_wconf 86' lang='lat' dir='ltr'><strong>Runckeliana.</strong></span> <span class='ocrx_word' id='word_1_367' title='bbox 773 5501 825 5514; x_wconf 88' lang='lat'><strong>-·</strong></span> <span class='ocrx_word' id='word_1_368' title='bbox 876 5464 984 5531; x_wconf 84' lang='lat' dir='ltr'><strong>Studia</strong></span> <span class='ocrx_word' id='word_1_369' title='bbox 999 5479 1029 5529; x_wconf 92' lang='lat' dir='ltr'><strong>et</strong></span> <span class='ocrx_word' id='word_1_370' title='bbox 1043 5469 1164 5548; x_wconf 82' lang='lat' dir='ltr'><strong>negotia</strong></span> <span class='ocrx_word' id='word_1_371' title='bbox 1178 5467 1345 5528; x_wconf 79' lang='lat' dir='ltr'><strong>amicornm</strong></span> <span class='ocrx_word' id='word_1_372' title='bbox 1360 5481 1431 5524; x_wconf 88' lang='lat' dir='ltr'><strong>eum</strong></span> <span class='ocrx_word' id='word_1_373' title='bbox 1448 5462 1636 5520; x_wconf 78' lang='lat' dir='ltr'><strong>remormtur</strong></span> <span class='ocrx_word' id='word_1_374' title='bbox 1649 5449 1682 5508; x_wconf 85' lang='lat' dir='ltr'><strong>in</strong></span> <span class='ocrx_word' id='word_1_375' title='bbox 1695 5444 1814 5506; x_wconf 79' lang='lat' dir='ltr'><strong>ttinere.</strong></span> <span class='ocrx_word' id='word_1_376' title='bbox 1915 5453 1924 5464; x_wconf 86' lang='lat'><strong>·</strong></span> 
     </span>
    </p>
   </div>
   <div class='ocr_carea' id='block_1_18' title="bbox 0 0 2382 5806">
    <p class='ocr_par' dir='ltr' id='par_1_18' title="bbox 0 0 2382 5806">
     <span class='ocr_line' id='line_1_42' title="bbox 0 0 2382 5806; baseline 0 3"><span class='ocrx_word' id='word_1_377' title='bbox 0 0 2382 5806; x_wconf 95' lang='lat' dir='ltr'><strong> </strong></span> 
     </span>
    </p>
   </div>
   <div class='ocr_carea' id='block_1_19' title="bbox 166 5746 275 5772">
    <p class='ocr_par' dir='ltr' id='par_1_19' title="bbox 166 5746 275 5772">
     <span class='ocr_line' id='line_1_43' title="bbox 166 5746 275 5772; baseline 0 0"><span class='ocrx_word' id='word_1_378' title='bbox 166 5746 275 5772; x_wconf 58' lang='grc' dir='ltr'><strong>Α</strong></span> 
     </span>
    </p>
   </div>
  </div>
 </body>
</html>
