4670 5806
95 201 163 282 ns
249 143 255 158 ’
659 199 1098 284 nrrsuonsnnu
1155 145 1263 287 em.
1298 211 1363 290 nc.
1416 209 1548 292 1544.
2044 213 2124 296 ne

99 377 245 462 Uli-icas
266 385 423 465 Flaccus
446 397 550 468 debet
572 388 722 464 Albana
742 389 892 481 Berlin,
923 395 984 488 qui
1008 395 1077 466 suit
1131 382 1209 452 dam
1227 407 1267 452 ex
1282 379 1409 458 Atticis
1425 389 1624 460 oratoribus
1638 390 1746 478 dixit,
1779 413 1885 486 quem
1898 383 2120 461 Demosthe-

93 493 464 588 oecouomnsCollegii
486 497 616 582 nostri,
640 495 728 566 vm
744 497 780 566 ll.
798 498 821 566 a
838 519 975 588 grossos
1000 495 1075 590 ΧΩ
1130 507 1192 552 ”⁶⁸
1209 485 1311 572 ΰίῑθῑ,
1344 483 1394 570 ὥς
1418 486 1530 564 odda
1551 488 1628 564 tort
1647 490 1778 588 ὄφελος
1791 486 1947 573 πόλεως·
1973 487 2051 586 ἥτις
2063 487 2117 586 μὴ

91 623 151 690 pro
167 599 282 683 victu,
309 623 350 669 ac
363 601 523 670 nondum
540 597 667 685 solvit,
701 599 764 669 etsi
783 623 885 691 saepe
899 600 1073 692 promisit.
1128 589 1244 682 wida
1265 586 1323 660 issi
1343 588 1430 674 τούς
1455 589 1678 675 ἀδικοῦντας
1701 594 1783 688 ἔχει·
1849 593 1982 664 Merito
2009 595 2119 684 igilur

91 698 176 770 Cum
199 701 308 790 igitur
327 700 546 792 stipendium
570 697 697 770 habeat
723 727 742 770 a
766 695 929 774 Nicolao
951 697 1075 782 Eirer,
1128 691 1338 780 gaudemus,
1365 709 1398 764 ¹⁸
1415 695 1478 766 lali
1494 696 1640 784 villule,
1665 696 1854 790 sapientias
1878 711 1914 769 θῑ
1929 696 2117 766 ‘lumime

90 816 179 893 petat
193 799 364 892 Magister
381 799 425 873 V
420 799 494 872 itus
516 801 585 873 sibi
607 815 745 873 tantum
762 829 801 872 ex
820 804 996 894 stipendio
1011 803 1074 872 illo
1127 792 1346 882 praeditum,
1387 797 1562 889 suscipere
1586 821 1706 869 curam
1733 800 1906 889 regendae
1926 794 2118 884 Ecclesiae,

90 905 265 972 numerari
281 903 337 974 vel
352 907 476 990 modo,
508 905 563 976 vel
581 929 661 972 cum
677 906 751 974 dics
767 905 932 996 stipendii
949 929 1076 975 nume·
1128 915 1167 962 ac
1190 917 1375 984 precamur
1388 895 1504 968 Deum
1527 914 1708 970 aeternum
1725 898 1865 970 Patrem
1881 895 2028 968 Domini
2049 921 2118 969 no-

90 1006 189 1073 tandi
212 1005 330 1092 cedet,
360 1021 532 1100 quantum
550 1001 701 1074 Albai-to
726 1009 891 1092 debetur,
927 1019 1076 1078 accurat
1127 995 1190 1066 stri
1208 993 1284 1066 lesu
1298 993 1450 1086 Christi,
1477 1017 1518 1074 ut
1532 1013 1565 1071 le
1579 1002 1721 1072 adiuvet
1737 1025 1800 1074 suo
1815 1000 1973 1092 Spiritu,
1999 1014 2040 1070 ut
2056 1015 2117 1072 tua

90 1103 236 1175 Alherto
260 1107 317 1175 vel
337 1103 426 1176 mihi
447 1108 558 1195 micci3
588 1107 646 1177 vel
660 1123 758 1178 curet
773 1105 862 1177 mihi
880 1109 972 1180 mini
986 1132 1074 1200 pen.
1128 1097 1334 1185 gubernatio
1357 1127 1437 1172 vere
1461 1119 1631 1193 congruat
1656 1103 1749 1174 dieto
1768 1099 1918 1172 Christi:
1950 1101 2034 1172 Nou
2054 1125 2117 1172 vos

90 1211 219 1277 sionem
248 1209 425 1300 stipendii
489 1207 582 1280 Nam
612 1201 790 1290 Floccus,
835 1210 864 1278 si
894 1210 1075 1300 acceperit,
1128 1199 1209 1266 estis
1235 1202 1297 1293 qui
1320 1203 1528 1296 loquimini,
1561 1209 1619 1275 sed
1643 1205 1798 1298 Spiritus
1822 1202 1937 1275 Patris
1960 1203 2117 1273 coelestis

89 1333 158 1379 non
174 1310 301 1385 solvet.
351 1307 455 1400 Rogo
470 1311 599 1384 iterum
612 1303 652 1408 *)
669 1311 858 1401 diligenter
873 1327 1026 1384 curetur.
1128 1299 1190 1392 qui
1213 1301 1251 1368 in
1275 1305 1376 1374 vobis
1399 1321 1462 1380 est.
1519 1304 1616 1376 Haec
1640 1331 1742 1398 saepe
1764 1319 1925 1398 precatus
1948 1329 2027 1376 sum
2049 1300 2118 1376 hoc

1127 1425 1264 1488 mense,
1298 1421 1332 1476 et
1349 1431 1474 1498 precor
1488 1409 1644 1494 assidue,
1668 1421 1709 1478 ut
1723 1405 1819 1478 Dens
1833 1421 2041 1478 ornamenta
2058 1407 2117 1476 in-

1128 1504 1263 1592 gentia,
1301 1531 1391 1600 quae
1425 1511 1577 1582 contulit
1609 1503 1666 1580 his
1697 1509 1919 1602 regionibus,
1958 1523 2117 1580 tueatur:

96 1640 99 1653 ν
1125 1601 1312 1696 Evangelii
1334 1611 1468 1694 lucem,
1499 1635 1662 1702 magnam
1684 1612 1845 1682 omnium
1865 1611 2046 1681 literarum
2064 1622 2118 1680 at-

87 1705 145 1779 No.
161 1705 276 1782 2972.
917 1710 1057 1779 salon.
1127 1731 1194 1798 que
1227 1709 1357 1778 artium
1389 1713 1605 1794 doctrinam,
1645 1713 1855 1808 tranquillas
1880 1713 2040 1804 politias,
2082 1723 2118 1782 et
2201 1701 2206 1718 ’

92 1803 257 1832 '‘¹⁶''
895 1801 1066 1832 Μ
1127 1808 1348 1899 disciplinam
1384 1815 1611 1885 mediocrem.
1676 1812 1773 1885 Haec
1799 1816 1893 1885 bona
1919 1815 2056 1884 utinam
2084 1825 2118 1882 et
2181 1847 2184 1856 v

344 1901 528 2018 Geor-gio
555 1903 817 1990 Anhaltt'nO.
1126 1907 1308 2002 Principes
1336 1915 1579 1986 moderatione
1608 1915 1837 1986 consiliomm
1867 1917 2019 1986 retinere
2041 1925 2118 1984 stu-

605 2065 687 2122 ,th
763 2066 796 2122 91
830 2067 897 2137 (ed,
932 2066 1011 2121 Lond
1049 2065 1061 2120 1
1127 2011 1263 2086 derent.
1312 2011 1390 2084 Etsi
1412 2031 1527 2087 autem
1553 2019 1624 2089 scio
1647 2031 1681 2088 te
1702 2031 1764 2089 tuo
1789 2015 1937 2088 consilio
1959 2017 2116 2088 delectu-

653 2085 748 2140 ''P'
799 2104 808 2123 '
877 2089 907 2122 ι’
1013 2101 1022 2122 ’
1063 2104 1072 2123 ’
1128 2137 1205 2182 rum
1230 2137 1303 2184 esse
1331 2111 1491 2188 homines
1519 2121 1666 2190 idoneos
1692 2123 1737 2190 ad
1764 2121 1954 2188 exercenda
1984 2117 2117 2188 iudicia

461 2285 471 2304 ,
586 2286 595 2304 ,
647 2286 655 2304 ‚
686 2285 695 2306 ,
882 2289 889 2305 ⁶
1125 2209 1387 2298 Ecclesiastico,
1419 2233 1538 2291 tamen
1560 2221 1708 2292 indicari
1731 2219 1798 2292 tibi
1821 2221 1960 2314 aliquos
1974 2221 2065 2288 velle
2081 2231 2118 2289 te

209 2286 266 2358 D·
293 2283 499 2383 G⁶⁰VK⁸⁰
522 2281 692 2386 ΡΝΜῬ*
712 2283 936 2360 Α”Ῐάἶώηθ
1125 2315 1289 2390 arbitror.
1355 2316 1421 2390 Est
1444 2323 1480 2390 in
1505 2319 1693 2392 Academia
1718 2335 1838 2392 nostra
1861 2343 1968 2410 gener
1989 2314 2117 2389 Lucae

80 2403 124 2493 ’8.
148 2423 192 2498 D.
246 2421 301 2494 Er
316 2425 512 2495 multorum
533 2423 646 2494 literis
667 2437 700 2493 et
720 2447 881 2494 sermone
898 2423 1071 2516 intelligo,
1123 2408 1300 2503 Ρῖθῖθΐῖὃ,
1341 2413 1524 2517 thgl'us
1547 2417 1744 2494 Dssscdt'vs
1775 2419 2117 2513 Wrc‘bssrfflmit',

86 2525 120 2593 in
140 2551 177 2595 ea
201 2521 454 2619 oraMysiae,
488 2525 588 2594 cuius
610 2521 787 2595 Ecclesias
809 2527 1071 2615 gubernaturus
1124 2519 1187 2610 qni
1212 2533 1248 2589 et
1271 2522 1335 2591 diu
1359 2527 1495 2598 audivit
1521 2523 1811 2610 Iurisconsultus,
1842 2537 1877 2596 et
1900 2525 2114 2595 mediocrem

86 2650 117 2698 ea
134 2621 212 2722 n),
246 2627 426 2720 publicam
445 2627 589 2720 piorum
608 2625 771 2695 omnium
791 2627 963 2697 laetitiam
986 2651 1071 2714 ease,
1125 2613 1232 2692 habet
1251 2619 1379 2694 Latine
1401 2626 1544 2697 dicendi
1566 2641 1601 2699 et
1623 2627 1803 2699 scribendi
1824 2625 2042 2712 fatuitatem,
2079 2638 2115 2695 ei

86 2732 171 2822 quod
188 2727 345 2800 audiunt
359 2743 394 2800 te
408 2753 483 2800 non
501 2729 616 2796 solum
635 2728 853 2812 eruditione,
885 2742 919 2800 et
940 2729 1069 2822 pietate
1122 2719 1266 2811 ingenio
1282 2725 1433 2816 placido,
1457 2743 1491 2800 et
1504 2723 1661 2800 honestis
1678 2729 1839 2801 moribus
1853 2729 2032 2821 praeditus
2047 2737 2113 2797 est:

85 2845 333 2922 praestantem,
364 2833 425 2900 sed
445 2830 557 2902 etiam
569 2828 700 2919 optima
718 2830 900 2900 voluntate
917 2845 953 2900 et
966 2845 1069 2902 auto·
1123 2847 1226 2914 quem
1244 2827 1388 2918 quidem
1401 2825 1597 2924 Episcopus
1614 2855 1697 2904 suus
1710 2831 1825 2902 multo
1842 2843 1925 2900 ante
1940 2831 1978 2899 in
1996 2829 2114 2900 aulam

86 2933 177 3003 ritate
198 2931 403 3026 praeditum
424 2934 469 3003 ad
495 2923 563 2999 boc
584 2929 765 3020 fastigium
783 2927 961 3002 Ecclesiae
986 2957 1064 3003 eva.
1121 2927 1322 3012 accersivit,
1357 2931 1416 2999 sed
1443 2931 1516 3022 ipse
1542 2957 1562 3002 a
1587 2933 1718 3004 nostris
1741 2929 1910 3002 Ecclesiis
1932 2933 2114 3002 discedere

85 3047 169 3103 etum
185 3059 278 3118 esse,
312 3057 353 3103 ac
367 3047 508 3129 sperant
524 3045 620 3102 tuam
635 3033 928 3122 gubernationem
945 3035 1067 3104 multis
1121 3025 1250 3098 noluit·
1300 3027 1418 3100 Huius
1434 3045 1467 3102 ct
1484 3033 1862 3104 industriametlidem
1878 3035 2114 3124 probaturum

84 3137 189 3205 modis
203 3133 402 3220 Ecclesiae,
433 3149 469 3206 et
483 3129 540 3204 bis
553 3133 636 3205 totis
650 3134 855 3222 regionibus
876 3138 1066 3206 salutarem
1120 3143 1153 3196 te
1179 3153 1252 3198 esse
1278 3156 1352 3202 non
1369 3133 1512 3220 dubito,
1537 3135 1567 3204 si
1585 3135 1660 3206 eius
1678 3159 1784 3226 opera
1800 3135 1921 3209 uteris.
1970 3133 2113 3204 Namst

82 3235 160 3310 fore,
219 3233 342 3326 Quare
358 3233 561 3328 etReipub,
578 3229 909 3325 gratulanturhanc
922 3237 1067 3310 electio.
1119 3229 1202 3298 salis
1223 3230 1384 3304 &ruditus
1401 3249 1484 3320 asi,¹
1503 3249 1538 3308 el
1557 3237 1730 3330 imprimis
1746 3237 1932 3326 inlegerei
1949 3237 2112 3306 incorru-

82 3361 174 3423 nem,
207 3353 242 3410 et
265 3351 390 3430 optant
409 3337 619 3408 ardentibus
632 3337 745 3422 votis,
777 3353 818 3410 ut
834 3363 854 3408 a
868 3336 945 3410 Deo
962 3341 1066 3411 adiu·
1119 3343 1210 3422 plus,
1230 3345 1263 3402 et
1276 3336 1454 3407 studiosus
1468 3341 1620 3410 tuendae
1636 3339 1847 3410 concordiae
1861 3363 1941 3408 curn
1955 3339 2010 3423 iis,
2029 3361 2110 3408 eum

81 3439 175 3512 veris.
232 3437 360 3510 Sciunt
376 3437 508 3511 multos
524 3461 598 3508 esse
613 3438 795 3508 doetrinae
812 3464 924 3531 purae
941 3441 1063 3512 inimi-
1118 3433 1248 3526 quibus
1269 3437 1326 3506 vel
1353 3439 1488 3528 privata
1510 3441 1791 3526 necessitudine,
1814 3439 1870 3509 vel
1887 3441 2029 3533 publica
2044 3439 2112 3508 ali-

81 3562 142 3623 cos,
161 3563 326 3631 magnam
341 3539 516 3632 ignaviam
531 3551 724 3631 pastorum,
747 3555 924 3630 postremo
939 3557 973 3614 et
987 3569 1064 3614 ma.
1116 3557 1187 3624 qua
1215 3537 1523 3612 administratione
1553 3544 1763 3614 coniunctus
1796 3555 1858 3616 est.
1925 3539 2045 3629 Quare
2074 3553 2110 3610 te

81 3663 176 3727 gnam
198 3643 426 3730 ingeniorum
446 3642 624 3712 levitatem
640 3653 676 3711 et
689 3641 940 3734 petulantiam,
973 3667 1062 3740 quae
1117 3659 1329 3729 magnopere
1354 3667 1436 3724 oro,
1477 3657 1517 3714 ut
1543 3643 1661 3715 locum
1692 3645 1725 3714 ei
1757 3643 1894 3713 tribuas
1919 3641 2013 3711 inter
2038 3665 2110 3728 eos,

81 3744 193 3813 crebra
215 3743 363 3814 dissidia
384 3743 548 3814 excitant.
608 3738 676 3812 His
695 3742 799 3814 malis
815 3747 987 3818 autoritas
1003 3759 1062 3816 tua
1116 3759 1204 3828 quos
1238 3743 1500 3830 cognitionibus
1531 3745 1604 3816 illis
1633 3745 1822 3838 praeficies.
1883 3741 2005 3814 ludico
2031 3743 2108 3812 eius

80 3843 246 3928 resistere,
278 3859 313 3915 et
335 3869 416 3916 cum
439 3843 621 3916 doctrinae
641 3845 851 3936 puritatem,
882 3859 960 3916 tum
976 3833 1061 3917 veri)
1115 3851 1289 3926 naturam,
1314 3844 1467 3942 iustitiae
1485 3860 1519 3917 et
1533 3848 1800 3942 tranquillitatis
1816 3847 1902 3938 pub.
1917 3858 2108 3930 amantem,

79 3947 295 4016 concordiam
311 3945 452 4044 munire
466 3945 679 4031 eta-etiaim,
704 3943 782 4015 Deo
798 3946 960 4032 iuvante,
993 3971 1060 4040 po.
1115 3951 1148 4006 ei
1166 3939 1339 4028 placidam
1356 3969 1440 4019 0880.
1479 3946 1585 4018 Talea
1600 3944 1989 4018 iudiciisEcclesiarum
2003 3969 2107 4038 prae-

79 4047 162 4121 terit.
193 4044 337 4118 Deinde
350 4048 413 4119 diu
427 4047 497 4118 iarn
513 4049 598 4139 pub.
612 4047 774 4118 omniurn
790 4071 958 4120 sanorum
973 4073 1061 4144 que-
1113 4039 1170 4108 fici
1183 4041 1269 4112 utile
1287 4058 1348 4130 0³&
1370 4069 1445 4116 1¹⁰ss
1461 4049 1582 4142 quales
1596 4050 1756 4142 plerique
1772 4062 1856 4118 sunl
1869 4049 1908 4117 in
1925 4049 2014 4128 foro,
2037 4041 2106 4117 bo-

78 4147 153 4216 relis
175 4149 373 4220 desiderata
402 4162 487 4220 sunt
516 4149 647 4219 iudicia
668 4145 931 4238 Ecclesiastica,
970 4175 1059 4245 quae
1113 4139 1225 4212 mill&
1241 4147 1408 4234 θῑῑᾶὃθθὸ,
1434 4149 1574 4241 cupidi,
1598 4163 1827 4236 Velflffllffi'ffi,
1851 4141 2105 4230 Ph⁰7m¹⁰0l²382

77 4269 184 4320 mores
200 4265 382 4340 regerent,
415 4249 708 4342 etdiaciplinam,
737 4266 910 4344 quantum
931 4249 1059 4330 inhat
1112 4237 1354 4339 Eurybaiae,
1386 4263 1420 4320 el
1436 4251 1576 4344 qualem
1593 4255 1655 4322 voi
1669 4247 1808 4323 babelis
1826 4253 1864 4322 iu
1885 4251 2012 4320 vicinia
2030 4239 2104 4322 Co-

77 4365 204 4422 senecta
228 4365 263 4422 et
284 4347 340 4422 his
363 4351 501 4422 deliriis
522 4350 649 4422 mundi
665 4351 741 4421 lieri
758 4367 892 4444 potest,
915 4367 1059 4425 tueren.
1113 4369 1241 4416 racern.
1288 4347 1464 4420 Immensa
1481 4353 1720 4424 misericordia
1736 4377 1799 4422 sua
1816 4351 2104 4447 promittitDeus

21 4473 23 4480 ’
78 4458 139 4524 luc,
188 4451 289 4524 Talia
309 4467 364 4524 esi
385 4467 502 4524 autem
525 4454 598 4524 vita
621 4467 680 4524 tua
703 4455 915 4542 domestica,
946 4457 1059 4526 utvel
1111 4471 1313 4520 mansuram
1337 4447 1532 4522 Ecclesiam
1555 4477 1643 4524 ease:
1682 4457 1742 4525 sed
1765 4456 1818 4524 ibi
1841 4469 1977 4526 lanium
2000 4479 2102 4523 man-

76 4559 202 4624 ttcente
223 4567 275 4642 te,
305 4553 451 4630 ,naara
471 4577 545 4625 ecce
567 4555 692 4646 poscit:
724 4569 761 4626 et
780 4570 878 4627 canta
899 4557 1060 4650 pruden.
1110 4572 1191 4618 sura
1213 4563 1280 4637 est,
1312 4552 1376 4621 ubi
1397 4555 1512 4623 studia
1538 4557 1719 4628 literarum
1737 4571 1771 4626 et
1787 4558 1968 4627 doctrinae
1988 4559 2103 4626 coele-

76 4651 129 4736 tia,
152 4668 192 4724 ui
208 4657 296 4726 sciaa
309 4659 538 4746 gubernatori
553 4653 646 4726 hanc
659 4671 794 4750 partem
809 4658 966 4729 muneris
983 4681 1058 4729 non
1110 4649 1173 4718 siis
1198 4653 1384 4740 colamur,
1422 4669 1455 4726 ei
1481 4657 1668 4749 disciplina
1698 4659 1925 4730 mediocriter
1958 4659 2102 4748 ragiltlr·

76 4755 297 4828 unittendam
320 4782 411 4844 esse,
441 4761 503 4828 sed
519 4781 638 4828 severe
655 4761 902 4842 exercendam,
927 4759 1058 4830 videli·
1110 4747 1205 4822 Haec
1228 4778 1330 4824 causa
1352 4758 1510 4848 prolecto
1526 4781 1649 4830 omnes
1663 4760 1824 4830 omnium
1840 4761 2007 4831 ordinum
2024 4783 2100 4828 mc-

76 4867 124 4923 cet
143 4861 393 4931 correctionem
416 4859 590 4930 viciorum
608 4861 883 4932 praeliatorum:
917 4877 958 4934 ua
977 4863 1058 4958 qui.
1109 4853 1245 4926 diocres
1261 4851 1423 4930 homines
1439 4863 1628 4932 accendere
1644 4861 1766 4948 debet,
1793 4875 1834 4934 ut
1846 4865 1963 4935 studia
1980 4862 2100 4932 litera-

1004 4977 1005 4982 *
1110 4980 1208 5042 rum,
1233 4971 1269 5028 et
1283 4959 1508 5052 disciplinam
1525 4976 1709 5050 tueantur,
1732 4977 1767 5034 et
1783 4965 1964 5034 conferant
1980 4961 2098 5032 consi-

1108 5057 1154 5125 lia
1177 5071 1211 5128 et
1234 5084 1358 5152 operas
1379 5065 1424 5134 ad
1445 5089 1566 5135 earum
1582 5089 1700 5136 rernm
1716 5065 1969 5164 defensionem.
2019 5057 2099 5154 Ego

105 5195 131 5265 'l
154 5200 402 5274 lecitnntrntnrnr
434 5211 498 5267 Β·
515 5227 580 5282 um,
606 5209 680 5281 qnod
699 5211 896 5286 compendium
916 5213 1056 5272 scribendi
1108 5159 1252 5252 quidem
1280 5187 1394 5282 ΜΨ
1426 5189 1587 5284 ⁰P0f³l¹¹2
1626 5165 1657 5237 δῖ
1682 5169 1769 5286 qaid
1793 5189 1940 5259 usquam
1963 5180 2098 5286 polerp,

136 5266 228 5328 habeo.
1109 5275 1283 5351 proestare
1305 5279 1411 5336 etram
1436 5281 1560 5337 vestris
1581 5265 1750 5340 Ecclesns
1778 5269 1873 5338 bona
1899 5267 1966 5337 fide
1990 5268 2097 5360 polh-

104 5369 148 5444 ’ἢ
167 5373 369 5436 Elestns‘tnsrn
379 5379 532 5454 Episcopus
545 5381 790 5457 nuenburgensis.
1106 5385 1197 5437 ceor.
1255 5361 1352 5436 Deus
1371 5382 1535 5439 aeternus
1556 5367 1663 5442 Pater
1677 5366 1723 5443 D.
1741 5367 1785 5444 N.
1804 5367 1831 5444 l.
1847 5365 1888 5444 C.
1914 5383 2029 5441 servet
2052 5385 2096 5452 te,

23 2037 24 2046 i
147 2069 246 2124 Seleet.
271 2085 286 2121 s
306 2066 350 2122 ist.
373 2086 402 2139 p.
415 2066 477 2124 281.
510 2065 595 2138 Epist.

179 2155 223 2209 ep.
240 2085 306 2204 iai

74 5055 288 5085 *flu-u·-
