4654 5804
227 291 302 370 559

242 464 309 538 No.
326 455 441 532 slot.

234 559 448 600 w

1037 473 1042 484 ,
1086 436 1142 521 o·
1170 433 1222 514 ao

1093 527 1221 550 m

626 645 664 740 Ι.
693 646 837 732 Ionae.

300 821 322 892 †
343 816 380 872 ss
399 813 507 872 collect.
526 806 700 867 Ballenstadt.
723 801 788 858 Vol.
801 799 823 858 l.
837 817 864 874 p.
877 794 952 867 46⁶,
978 793 1025 869 qui
1044 811 1104 850 eam
1119 788 1225 848 dascei·

334 887 387 960 psit
401 903 416 938 e
430 881 493 941 cod.
506 876 627 934 Gudian.
640 872 807 945 Guelplrerb.

559 1029 695 1105 Iusto
720 1025 881 1142 lonae.

233 1161 355 1256 Filius
377 1169 407 1244 I
405 1193 498 1242 onas
519 1169 587 1238 iter
609 1161 688 1235 heri
708 1164 887 1252 ingressus
905 1167 998 1240 erat,
1023 1174 1104 1222 cum
1118 1149 1226 1218 adve-

235 1285 290 1366 nit
310 1293 424 1351 vester
444 1269 666 1352 tabellarius,
699 1288 805 1360 qoem
823 1281 996 1356 aquarum
1018 1249 1227 1324 exundatio-

234 1407 298 1457 nes
312 1389 508 1451 remoratae
528 1373 680 1442 luerant.
731 1365 866 1436 Literas
884 1362 928 1430 ad
946 1359 1059 1428 lilium
1081 1351 1227 1442 scriptas

235 1485 338 1558 nolui
360 1485 492 1572 legere,
519 1494 646 1565 easque
663 1467 765 1538 vobis
786 1465 888 1536 reddi
910 1460 1111 1548 obsignatas
1132 1451 1227 1522 iussi.

236 1587 346 1680 Quod
371 1605 455 1652 vero
485 1573 684 1665 exemplum
713 1567 828 1638 nostri
857 1564 976 1656 scripti
1006 1557 1161 1648 llagitas,
1196 1555 1227 1622 si

236 1689 335 1788 quod
356 1681 525 1755 haberem
545 1677 697 1746 libenter
719 1670 907 1740 mitterem.
959 1661 1107 1732 Mallem
1133 1655 1228 1726 enim

237 1808 272 1864 te
286 1791 458 1877 integram
474 1781 669 1852 orationem
684 1773 817 1862 legere,
839 1767 979 1840 facilius
1002 1762 1069 1834 tibi
1091 1759 1228 1830 satisfa-

239 1909 396 1972 cturam,
415 1907 521 1979 quam
539 1879 663 1950 audire
687 1887 825 1944 tantum
848 1871 1041 1958 fragmenta
1058 1874 1228 1953 excerpta.

239 1995 310 2069 Sed
332 2009 465 2060 summa
487 1979 628 2053 consilii
650 1975 736 2060 luit,
755 1987 798 2044 nt
821 1995 918 2040 nunc
941 1968 1086 2062 quidem
1110 1977 1229 2034 noster

240 2095 443 2168 hortaretur
459 2087 580 2166 illum,
607 2079 670 2176 qui
694 2074 883 2170 imperium
897 2085 1034 2140 vestrae
1054 2067 1154 2135 urbis
1179 2077 1229 2132 te-

240 2211 320 2284 net,
340 2207 381 2264 ut
407 2187 630 2261 ecclesiarum
653 2175 903 2272 tranquillitati
924 2196 964 2242 eo
981 2171 1085 2238 modo
1102 2189 1231 2237 consu-

240 2302 347 2382 leret,
377 2309 417 2364 ut
445 2287 565 2384 petis(
603 2283 696 2355 Nam
723 2303 844 2369 cogere
876 2299 956 2345 eum
984 2295 1058 2340 non
1085 2277 1230 2359 poterat.

241 2401 307 2474 Sin
323 2410 440 2468 autem
455 2415 530 2460 non
546 2387 725 2458 obtineret
739 2382 849 2463 iusta,
874 2392 991 2469 postea
1014 2395 1096 2455 nos,
1123 2370 1153 2438 si
1174 2369 1232 2436 in-

240 2517 519 2590 terrogaremur,
544 2489 802 2560 deliberaturos
816 2501 906 2560 esse,
932 2477 1038 2572 quid,
1066 2470 1233 2566 aquibus

242 2603 319 2677 beri
347 2604 494 2670 deceret.
550 2589 627 2680 Ego
651 2610 726 2656 non
754 2583 876 2654 reiicio
903 2583 948 2650 ad
979 2577 1113 2658 anlarn,
1144 2593 1232 2665 quae

243 2701 414 2798 gravatim
432 2692 577 2784 suscipit
591 2707 626 2762 et
641 2689 758 2770 videt,
784 2707 820 2754 se
844 2683 1004 2752 obtinere
1026 2701 1100 2745 non
1122 2695 1234 2766 posse.

242 2806 296 2879 Ac
321 2823 438 2873 meum
461 2796 619 2866 animum
639 2792 710 2859 iarn
732 2787 817 2857 olim
841 2786 886 2854 ad
911 2783 1115 2852 servitutem
1145 2775 1236 2845 tole-

244 2907 392 2979 randam
409 2895 609 2989 composui,
635 2905 668 2962 et
692 2913 794 2980 saepe
818 2887 933 2975 cogito
958 2885 1051 2952 inter
1073 2877 1236 2948 miranda

246 3031 350 3103 opera
367 3005 558 3073 immensae
573 2985 910 3064 misericordiaeDei
924 2979 994 3054 hoc
1009 2981 1236 3074 praecipuum

245 3133 337 3193 esse,
357 3105 453 3200 quod
467 3097 645 3171 ecclesiam
659 3093 793 3183 colligit
808 3091 954 3158 intanta
972 3085 1147 3153 rnnlorom
1164 3079 1238 3148 col-

247 3212 361 3292 luvie,
384 3207 535 3298 ideoque
550 3223 626 3269 eam
642 3197 736 3265 inter
748 3193 861 3262 malos
875 3185 932 3259 hic
948 3188 1108 3258 collocat.
1159 3175 1238 3250 Oro

247 3325 386 3394 autern,
414 3319 457 3377 nt
481 3325 549 3372 nos
578 3299 766 3389 gubernet,
798 3307 834 3363 et
858 3287 1021 3362 salutaris
1043 3287 1090 3356 sit
1119 3295 1240 3354 noster

250 3433 384 3484 cursus.
434 3404 531 3476 Bene
547 3401 635 3472 vale.

164 3823 167 3836 ’
249 3835 449 3914 Nomos.
1077 3813 1226 3896 (rnna)

191 3965 198 3985 x
259 3933 431 3966 w

594 4022 648 4110 B.
677 4017 911 4106 Scholleru.

349 4194 434 4267 Epist.
449 4187 540 4246 lib-ll·
554 4203 582 4258 p.
595 4182 657 4242 472.
676 4179 752 4250 (etit.
767 4175 857 4234 Lond.
870 4174 918 4230 lib.
932 4171 966 4226 ll.
980 4188 1023 4242 ep.
1036 4169 1120 4235 500.).

394 4343 450 4422 D.
476 4335 820 4416 Bartolomoeo
846 4321 1098 4402 Schultero

250 4466 297 4557 S·
323 4481 368 4554 D.
422 4479 609 4569 ingenium
632 4473 686 4543 tui
700 4469 837 4560 nepotis
845 4461 883 4559 ')
901 4468 990 4536 bene
1007 4456 1097 4530 mihi
1114 4458 1245 4552 proba-

252 4599 322 4656 tur.
362 4581 483 4674 ltaque
497 4581 571 4648 eius
589 4573 705 4644 studia
725 4573 877 4640 libenter
891 4565 1081 4638 adiuvabo.
1131 4559 1244 4652 Spero

201 4707 204 4730 ·
252 4685 301 4756 ita
325 4695 570 4776 promoturum
597 4697 689 4758 esse,
714 4687 754 4742 ut
776 4671 876 4740 brevi
900 4669 969 4741 sibi
985 4689 1048 4734 sna
1069 4661 1246 4732 industria

252 4799 352 4881 paret
366 4785 511 4853 vic'tnm.
562 4775 611 4848 Et
628 4769 717 4844 mibi
734 4795 838 4842 curae
857 4771 944 4852 erit,
969 4781 1010 4837 ut
1035 4778 1133 4856 pater
1148 4786 1246 4832 surn-

251 4903 317 4980 ptu
331 4889 485 4965 levetur,
511 4902 617 4972 quam
641 4877 796 4968 primum
819 4873 864 4942 ad
882 4871 1037 4962 aliquam
1052 4859 1246 4937 Scholasti-

252 5011 329 5060 eam
364 4983 605 5056 conditionem
636 4977 839 5062 adolescens
871 4969 1052 5041 videbitur
1085 4967 1246 5037 idoneus.

258 5209 444 5228 m

288 5325 319 5396 *)
338 5323 441 5379 llieron
459 5321 595 5377 Stauden.
632 5313 695 5370 vta.
711 5313 789 5384 epist.
805 5310 837 5365 ad
854 5307 984 5364 Scballer.
1000 5305 1074 5360 tsts.
1095 5301 1122 5354 in
1136 5299 1184 5354 lin.
1198 5301 1248 5353 da·

323 5405 394 5460 um,
412 5391 536 5463 et'epist.
556 5389 583 5442 d.
598 5386 639 5442 tt.
653 5385 719 5456 Aps.
736 5381 811 5437 1548·
848 5379 972 5433 Fortasse
992 5375 1075 5445 igitur
1092 5372 1160 5424 baec
1174 5367 1248 5422 scri-

324 5470 370 5534 pta
385 5469 425 5515 est
438 5479 511 5514 anno
525 5457 603 5512 1544.

799 251 1237 341 rrrsrouanuu
1288 246 1500 350 orn-lx.
1550 241 1684 340 sset.

2193 235 2261 316 ⁶0⁰

1274 423 1357 507 Tua
1372 423 1486 506 officia
1494 474 1506 510 ,
1532 421 1585 492 mi
1598 415 1877 504 Bortolomoes,
1901 413 2020 487 omnia
2035 407 2124 498 mihi
2139 413 2261 504 gratis·

1275 529 1362 596 sima
1384 549 1522 618 semper
1542 525 1700 594 luerunt.
1752 520 1822 592 Sed
1846 515 1914 588 boc
1931 518 2043 588 multo
2057 517 2189 607 gratius
2205 528 2261 596 est,

1275 631 1372 723 quod
1406 642 1541 699 tantam
1573 622 1799 722 intamicitia
1834 619 2068 708 constantiam
2103 631 2263 710 praestas,

1276 732 1373 823 quod
1391 743 1432 800 ut
1455 729 1561 798 iacias
1578 738 1768 818 perpetuo,
1791 739 1825 796 te
1841 723 1947 792 etiam
1962 735 2065 816 atque
2079 719 2187 789 etiam
2204 720 2261 785 ad·
2306 672 2307 754 i

1274 827 1411 902 hortor.
1457 825 1622 900 Christus
1637 840 1696 898 tua
1711 825 1849 915 negotia
1866 825 1956 893 bene
1978 823 2159 900 fortunet,
2186 832 2220 889 et
2235 831 2265 888 te

1275 947 1425 1028 tuosque
1446 945 1562 1004 servet
1581 929 1787 1000 incolumes.
1825 923 1882 998 Tu
1900 949 2040 1018 quoque
2057 947 2172 1016 aequo
2191 921 2266 988 ani·
2307 894 2308 936 ¹

1275 1059 1335 1104 mo
1359 1032 1638 1105 mediocritatem
1662 1043 1743 1100 tuac
1767 1027 1985 1098 conditionis
2010 1027 2113 1112 ferto,
2174 1021 2266 1092 Haec

1275 1135 1391 1206 virtus
1406 1149 1440 1204 et
1455 1127 1601 1204 homine
1615 1135 1798 1204 moderato
1815 1129 2020 1220 dignissima
2037 1117 2105 1212 e‘st,
2120 1121 2267 1196 etChri-

1276 1237 1467 1329 stoplacet.
1518 1233 1721 1306 Benevale.
1771 1229 1894 1302 Saluta
1908 1233 2046 1301 iratres.
2096 1221 2267 1324 Casporo

1277 1363 1352 1407 non
1368 1337 1515 1408 vacabat
1529 1335 1704 1419 scribere,
1728 1333 1880 1438 scribam
1895 1331 1980 1402 alias
1988 1323 2038 1427 ¹⁵).

1283 1529 2274 1569 nvp—W

1278 1669 1345 1744 No.
1363 1670 1478 1746 8103.
1602 1695 1605 1709 ·
2120 1670 2177 1750 (h.
2202 1673 2250 1752 a.)

1287 1765 1459 1799 Μ

1667 1817 1719 1906 G.
1749 1817 1893 1904 Helto.

1349 1977 1615 2066 Praemissaulibrp:
1652 1980 1852 2038 denotationes
1877 1977 1945 2034 Phil.
1967 1974 2035 2034 Met.
2062 1976 2091 2040 in
2118 1977 2270 2050 Evangelia,
2312 2004 2313 2024 ι

1382 2069 1451 2176 qqpe
1473 2059 1570 2106 usstato
1589 2067 1666 2102 more
1680 2050 1750 2105 dieb.
1766 2047 1921 2104 Dominicis
1934 2059 1961 2101 et
1974 2045 2048 2100 lestis
2066 2059 2270 2117 proponuntur.

1381 2189 1388 2202 ι
1435 2121 1499 2178 rtab.
1511 2115 1625 2191 perl’ct.
1639 2117 1720 2172 Scin.
1737 2118 1819 2174 MD.
1831 2116 1941 2173 xttttt.
1958 2117 1984 2170 8.
2003 2117 2060 2184 (qui
2077 2119 2148 2170 liber
2162 2117 2271 2172 babetur

1380 2207 1411 2270 sn
1425 2188 1593 2242 Bibliotheca
1613 2187 1728 2240 Senatus
1745 2186 1775 2239 Li
1796 2207 1833 2255 s..
1850 2206 1865 2240 e
1887 2203 1942 2258 quo
1963 2203 2020 2240 eam
2033 2185 2179 2259 descripsit
2195 2189 2271 2240 Lun-

1384 2258 1463 2378 πὶ·
1485 2252 2186 2380 tentante..zct:²srstn.tuun
2313 2226 2314 2282 ³

1378 2390 1616 2518 (llppprpgpssoravit
1634 2390 1709 2485 bpnc
1725 2341 1826 2446 ilicum
1845 2391 1983 2446 Pontanoa
2003 2393 2031 2446 in
2050 2393 2131 2463 epist.
2146 2394 2216 2450 dd.
2234 2395 2272 2448 20.
2314 2450 2315 2476 ,

1305 2613 1458 2721 Optimo
1484 2587 1562 2689 viro
1586 2612 1793 2712 Georgio
1813 2613 1951 2689 Helle
1977 2611 2253 2691 Forclssmio

1548 2713 1751 2819 Philippos
1778 2714 2002 2790 Melantdon

1285 2844 1330 2936 S.
1349 2860 1394 2936 D.
1447 2857 1619 2950 Magnum
1643 2873 1678 2932 et
1700 2859 1938 2929 inenarrabile
1963 2883 2053 2950 opus
2068 2855 2135 2928 Dei
2154 2873 2205 2931 est
2222 2885 2274 2932 re·
2316 2933 2317 2936 ,

1287 2988 1367 3034 rum
1383 2961 1525 3033 creatio.
1551 2959 1623 3031 Sed
1639 2963 1752 3032 multo
1770 2961 1943 3029 illustrius
1956 2961 2199 3030 testimonium
2217 2980 2275 3048 est,
2316 2939 2317 2950 ἵ

1288 3079 1323 3136 ct
1344 3087 1417 3133 esse
1440 3061 1556 3132 Deum
1581 3077 1614 3134 et
1638 3087 1722 3132 cura
1747 3085 1825 3131 eum
1850 3061 1985 3149 generis
2011 3057 2161 3130 bomani
2176 3067 2275 3150 albei,

1290 3167 1385 3260 quod
1404 3165 1477 3256 ipse
1490 3187 1564 3232 sese
1580 3179 1672 3234 certa
1689 3189 1791 3247 voce,
1810 3164 1913 3232 certis
1928 3163 2140 3234 testimoniis
2155 3189 2195 3236 ac
2210 3168 2274 3234 rni-

1288 3265 1437 3352 raculis,
1470 3265 1624 3357 deniqne
1650 3279 1682 3336 et
1704 3265 1797 3334 Filio
1818 3263 1942 3348 misso,
1975 3265 2150 3355 patefecit.
2208 3267 2276 3338 Nec

1289 3391 1375 3436 vero
1390 3369 1520 3436 frustra
1536 3389 1571 3434 se
1585 3366 1765 3456 patefecit,
1792 3367 1852 3437 sed
1874 3365 2017 3454 agnosci
2034 3365 2130 3450 vult,
2155 3383 2191 3438 et
2204 3372 2275 3438 vult

1292 3467 1451 3538 exaudiri
1465 3491 1505 3535 ac
1526 3467 1671 3556 cogitari
1689 3491 1786 3536 suam
1804 3491 1945 3552 vocem,
1970 3466 2049 3536 vult
2063 3490 2129 3536 nos
2147 3495 2278 3561 parere,

1293 3583 1327 3639 et
1340 3567 1509 3638 beneficia
1532 3569 1647 3642 oblata
1669 3568 1840 3658 accipere;
1867 3591 1932 3637 nec
1956 3568 2042 3636 alibi
2069 3569 2200 3640 colitur
2222 3587 2277 3642 aut

1293 3671 1493 3753 invocatur,
1517 3691 1582 3736 nec
1599 3669 1755 3759 impertit
1770 3681 1909 3738 aeterna
1925 3669 2105 3754 beneficia,
2131 3673 2202 3740 nisi
2218 3673 2275 3742 ubi

1292 3795 1361 3842 vox
1375 3766 1563 3859 Evangelii
1586 3783 1697 3840 sonat.
1746 3765 1795 3840 Et
1817 3795 2031 3862 quamquam
2053 3771 2172 3842 rident
2193 3771 2276 3865 Epi-

1293 3873 1390 3944 curei
1405 3866 1497 3940 hanc
1511 3871 1712 3942 iactantiam
1728 3885 1905 3951 nostram,
1925 3885 2044 3940 tamen
2060 3886 2195 3943 certum
2221 3890 2278 3958 est,

1293 3975 1333 4044 in
1354 3998 1394 4043 eo
1420 3985 1540 4056 coeto,
1566 3973 1629 4065 qui
1653 3985 1755 4043 sonat
1769 3969 1955 4060 Evangelii
1977 3995 2097 4042 vocem
2121 3975 2166 4043 de
2189 3973 2277 4046 Filio

1294 4073 1381 4159 Dei,
1407 4087 1442 4144 et
1464 4075 1584 4144 adesse
1604 4072 1720 4143 Deum
1746 4085 1782 4143 et
1802 4069 1948 4143 heredes
1970 4095 2043 4142 esse
2060 4075 2154 4144 vitae
2170 4093 2278 4148 aeter-

1293 4199 1361 4246 nae
1374 4175 1524 4262 multos‚
1550 4175 1645 4246 iuxta
1667 4175 1757 4245 illud
1773 4175 1923 4244 dictum:
1949 4167 2053 4268 Quos
2069 4173 2189 4270 elegit,
2214 4173 2277 4248 dos

1294 4284 1326 4346 el
1343 4274 1491 4349 vocavit.
1542 4275 1724 4369 Nusquam
1742 4275 1850 4365 igitur
1864 4289 1947 4346 sunt
1962 4276 2081 4358 electi,
2105 4279 2177 4348 nisi
2194 4283 2278 4350 inter

1293 4389 1445 4450 vocatos.
1495 4373 1544 4446 Et
1558 4377 1596 4445 in
1613 4373 1680 4447 hoc
1694 4392 1815 4448 nostro
1832 4391 1951 4463 coetu,
1978 4377 2014 4446 id
2032 4392 2082 4448 est
2099 4379 2137 4448 in
2156 4407 2276 4451 nnme-

1293 4504 1334 4550 ro
1360 4489 1565 4548 vocatorum
1591 4478 1718 4549 electos
1742 4502 1814 4552 esse
1837 4501 1976 4549 necesse
1999 4495 2060 4550 est.
2110 4479 2204 4552 Cum
2219 4509 2275 4552 au·

1292 4594 1362 4652 tem
1378 4579 1516 4650 vocatio
1531 4577 1596 4662 sit,
1621 4581 1750 4650 adduci
1765 4575 2052 4669 adEvangelium
2068 4605 2274 4672 cognoscen-

1293 4683 1396 4765 dnm;
1424 4691 1458 4750 et
1474 4681 1707 4749 necessarium
1725 4696 1759 4751 et
1773 4683 1926 4751 salutare
1941 4695 1992 4750 est
2012 4681 2144 4771 legere,
2170 4688 2275 4756 medi·

1293 4781 1382 4864 tari,
1408 4781 1569 4850 conferre
1583 4781 1781 4852 doctrinam
1798 4781 1971 4851 divinitus
1987 4785 2170 4871 traditam,
2192 4791 2274 4860 etde

1294 4907 1333 4953 ea
1348 4880 1505 4998 cplloqui
1520 4905 1601 4951 cum
1617 4881 1715 4967 aliis,
1742 4886 1938 4974 expendere
1953 4879 2187 4956 admirandas*
2204 4913 2274 4958 sen-

1294 4995 1422 5100 tentras
1442 4997 1476 5052 et
1495 5006 1677 5066 enarrare,
1701 4985 1791 5055 sicut
1813 4985 1931 5078 inquit
1948 4983 2095 5056 Paulus:
2131 4987 2274 5060 Habitat

1296 5091 1391 5157 mter
1405 5075 1748 5154 vossarmoChristi
1760 5083 1963 5182 opulenter:
1989 5092 2048 5158 sed
2064 5093 2165 5163 addit
2180 5095 2275 5176 idem,

1296 5183 1335 5254 iss
1359 5183 1557 5280 sapientia.
1609 5185 1691 5256 Non
1716 5189 1793 5258 vult
1814 5189 1936 5258 ludere
1952 5189 2093 5278 ingenia
2111 5193 2275 5286 lingendis

1331 5433 1361 5504 s)
1380 5435 1501 5488 scrs'bam
1514 5433 1591 5487 olias
1602 5431 1731 5492 videntur
1744 5449 1801 5485 esse
1816 5452 1830 5487 a
1844 5429 1963 5505 casparo
1977 5433 2122 5507 adscripta.
