4670 5806
80 227 153 312 Μ
542 229 551 256 ⁸
645 219 1077 308 setsromttut
1135 211 1340 306 utssctx.
1396 223 1529 306 1544.

82 399 173 490 otu.
199 399 254 475 tec
269 395 447 492 &talos
465 398 532 476 sat
551 401 643 490 astet
658 337 756 487 huot
777 397 843 472 unt
854 395 1000 472 &aaut
1024 413 1072 487 ee
1120 391 1187 469 No.
1205 393 1317 472 2956.

83 501 233 591 eruut.
264 505 328 574 ooo
354 504 436 593 atet
456 502 624 592 urceolis>
647 499 806 589 estbrent
827 501 891 572 unt
912 495 1072 589 pemeus
1134 494 1281 519 Μ
1771 593 1774 600 Δ

81 605 190 676 aute.
1393 587 1538 670 Iouch.
1570 584 1826 682 Camerario.

180 735 277 828 miste
310 735 400 822 outre
430 731 588 824 ctutttttdu
616 731 837 822 tannecum,
881 731 930 803 tte
955 730 989 802 to
1017 731 1070 802 tec
1189 745 1627 818 nptoaocsmmeptstsq.
1645 747 1705 815 (ea.
1721 747 2021 820 concinuere).

82 835 252 926 moechm
272 839 397 927 uertit)
414 840 479 910 aab
497 837 639 908 struent
653 851 725 924 ,uu
738 831 901 920 ttodttpctt
915 832 987 903 obes
1003 827 1069 902 ile

81 939 259 1032 tepuerung
272 941 414 1029 gemetu,
438 938 550 1011 neuen
564 935 605 1008 b.
617 933 664 1006 o.
676 937 741 1004 aab
759 932 801 1004 b.
815 930 990 1025 gatoigttct)
1004 935 1068 1004 aab

82 1041 253 1130 pansus>
274 1055 336 1112 tou
366 1045 430 1112 unt
457 1038 649 1128 corebum,
691 1035 750 1105 uie
772 1035 832 1106 tots
854 1033 902 1106 nit
924 1033 1071 1124 purten,

82 1139 337 1224 &Scotto
360 1137 819 1229 atestebooacosugeo.
844 1135 965 1206 uestes
980 1133 1071 1223 bueo
2108 1182 2113 1189 .

82 1241 155 1330 bitte
178 1241 271 1330 unite
288 1241 412 1332 &tiit
433 1233 809 1332 nihtmifiloiltniollen',
828 1239 892 1307 aab
915 1234 974 1325 [er
996 1235 1071 1326 bitis
1120 1214 1165 1306 S.
1186 1234 1230 1306 D.
1280 1231 1455 1328 Equidem
1481 1235 1628 1325 gratiam
1653 1236 1719 1306 tibi
1742 1232 1873 1322 habeo,
1904 1240 2000 1332 quod
2023 1263 2106 1310 cura

83 1339 175 1432 &adp
205 1341 266 1430 oui
292 1340 451 1433 dttillildpe
474 1343 570 1433 ΜΕ
599 1333 723 1425 secutio>
749 1335 878 1425 timisa,
909 1339 970 1408 bai
992 1335 1072 1409 oieb
1122 1351 1156 1406 et
1188 1337 1398 1426 cogitatione
1425 1351 1504 1420 tua,
1537 1359 1695 1406 meorum
1720 1339 1877 1408 miserias
1899 1339 2107 1432 complecte-

84 1443 167 1515 otest
191 1444 351 1530 btiohueu.
401 1446 473 1514 uno
490 1442 531 1514 (ξ.
550 1438 596 1513 (Β.
612 1443 675 1511 aab
691 1437 732 1508 S.
757 1439 823 1527 t'tub
837 1438 898 1510 tuit
915 1457 954 1530 gu
968 1438 1073 1514 ticon
1124 1439 1190 1522 ris,
1216 1439 1345 1530 quibus
1362 1438 1425 1507 etsi
1441 1459 1604 1516 moveor,
1631 1451 1748 1507 tamen
1770 1453 1803 1508 te
1819 1440 1901 1510 volo
1925 1441 1978 1513 tui
2002 1441 2106 1512 etiam

81 1543 190 1636 wlsslg.
243 1541 373 1615 Datum
390 1535 1074 1634 mittentogcusoeuato.1544.
1124 1541 1297 1608 rationem
1327 1533 1469 1610 habere.
1528 1536 1662 1607 Totum
1692 1533 1760 1608 hoc
1791 1562 1900 1628 genus
1928 1539 2108 1611 Henetum

316 1690 557 1771 (mgnum
574 1691 638 1763 ,mg
657 1684 844 1776 ggmfgpm
1125 1641 1283 1730 suspicax
1308 1653 1375 1722 est,
1407 1653 1441 1708 ct
1464 1638 1627 1728 inprimis
1653 1639 1692 1707 in
1716 1663 1771 1708 me
1794 1642 1991 1712 multorum
2014 1643 2108 1712 ocuti

2033 231 2108 306 408

1859 406 2107 538 Qi

1120 889 1345 968 Clarissimo
1360 897 1458 982 viro,
1483 893 1686 969 eruditione
1702 908 1733 967 et
1757 899 1886 976 virtute
1899 903 2109 998 praestanti

1145 997 1173 1068 I
1177 995 1391 1072 oachimo
1417 992 1692 1072 Camerario
1717 993 2082 1097 Pabergensiamico

1481 1124 1549 1170 suo
1570 1125 1781 1188 carissimo,

760 1787 874 1880 mimae
1125 1741 1251 1812 intenti
1274 1752 1373 1810 sunt:
1411 1735 1531 1808 Erunt
1554 1739 1617 1832 qui
1642 1740 1778 1825 dicent,
1802 1754 1844 1812 te
1866 1766 1886 1811 a
1910 1746 2108 1829 rnesubor-

1126 1856 1246 1909 ocoum
1264 1865 1355 1924 esse,
1381 1855 1419 1911 at
1436 1837 1526 1909 hanc
1540 1840 1696 1911 fabulam
1714 1864 1804 1930 agas,
1824 1867 1949 1936 meque
1963 1845 2000 1912 in
2023 1845 2110 1914 alie·

603 1889 777 1966 mimmii
796 1888 908 1978 luam
925 1885 970 1962 D·
1128 1940 1318 2033 noliepub.
1334 1967 1430 2012 meos
1446 1948 1558 2012 astute
1569 1937 1634 2016 ,καὶ
1649 1945 1910 2024 πλεονεκτικῶς
1922 1945 2109 2020 collocat&

540 1992 860 2162 zoiguiingaim·
872 1991 990 2162 wulger
1005 1989 1049 2070 D.

591 2093 766 2284 porciliis
781 2109 991 2285 ‘simidico

88 2588 282 2718 &QZ
925 2595 1077 2664 snttlau.

927 2689 1061 2718 Μ

447 2791 508 2873 Io.
540 2785 716 2875 saccello.

154 2953 175 3016 †
199 2948 240 3002 Er
266 2947 432 3020 autographo
457 2946 523 3002 Mel.
547 2947 575 3000 in
598 2946 714 3002 tabulae.
736 2943 850 3000 senatus
873 2919 1079 3010 scissemus,

190 3018 330 3092 descripte
347 3037 362 3070 a
381 3017 417 3090 pl.
439 3014 471 3070 R.
490 3016 589 3074 Sittio,
613 3013 724 3068 Pastore
741 3013 768 3064 in
787 3011 928 3066 Sennlelcl.

91 3157 260 3254 Egregia
287 3154 489 3230 eruditione
510 3165 542 3224 et
566 3153 700 3251 pietate
721 3119 890 3250 praedito
915 3140 970 3226 D.
998 3147 1079 3224 Io-

91 3255 243 3331 hanni
275 3255 479 3343 Sutelio,
522 3252 677 3327 Pastori
714 3253 904 3326 Ecclesiae
942 3250 1078 3325 Troia·

398 3383 467 3430 nae
477 3353 532 3450 ᾗ),
556 3358 676 3428 amico
694 3381 774 3432 suo.

93 3475 133 3564 S·
148 3494 195 3568 D.
224 3491 386 3564 Gratiam
402 3493 468 3562 tibi
485 3485 612 3576 habeo,
628 3483 1080 3586 quodHieronymum**),

95 3621 195 3688 quem
220 3595 287 3666 tibi
316 3592 583 3676 commendavi,
620 3605 779 3661 amanter
801 3593 1002 3682 complexus
1033 3616 1079 3665 es.

95 3696 169 3789 lpse
198 3696 311 3768 etiam
336 3696 543 3787 pollicetur,
583 3715 620 3761 se
647 3693 855 3761 concordiae
882 3695 1078 3762 studiosum

93 3801 184 3879 sore,
212 3821 301 3892 quae
318 3796 446 3867 teneris
463 3792 632 3863 Ecclesiis
651 3793 813 3862 fovendis
835 3794 990 3884 prolecto
1016 3817 1079 3862 ne-

96 3899 241 3970 cessaria
257 3912 321 3971 cst.
372 3897 480 3966 Mitto
495 3896 561 3966 tibi
575 3919 695 3964 recens
709 3895 902 3985 disputatas
917 3889 976 3962 hic
994 3919 1079 3986 pro-

96 4001 305 4092 positiones,
328 4023 409 4072 nam
427 3993 495 4066 hoc
513 4009 669 4086 tempore
683 3991 775 4064 nihil
800 3997 884 4063 novi
904 3991 1077 4065 habebam

14 4121 15 4128 ’
96 4117 231 4192 praeter
246 4098 307 4170 has
322 4099 485 4192 pagellas.
519 4096 608 4166 Heri
623 4121 663 4166 ex
679 4095 865 4166 Pannonia
881 4095 1001 4167 literas
1021 4121 1079 4167 ac-

96 4205 189 4295 cepi,
228 4203 357 4296 qnibus
387 4199 620 4288 significatur,
652 4199 875 4268 mediocriter
894 4221 1077 4290 propagari

97 4300 329 4394 Evangelium
345 4302 474 4392 passim
488 4301 526 4368 in
543 4297 726 4388 Hungaria
750 4325 829 4368 cum
851 4299 890 4368 in
915 4301 960 4368 iis
983 4300 1080 4386 locis,

97 4431 184 4497 quae
199 4417 321 4476 tenent
334 4402 463 4486 Tucci,
498 4415 573 4470 tum
587 4401 626 4468 in
646 4400 793 4493 reliquis
813 4425 902 4492 quae
918 4401 1079 4471 nondum

101 4519 334 4598 ciectrparunt,
360 4529 399 4574 ac
416 4503 578 4572 scribunt
597 4501 647 4593 pii
669 4525 706 4570 se
720 4503 888 4588 gratulari
905 4502 974 4572 sibi
989 4497 1080 4572 hanc

102 4607 394 4688 consolationem,
426 4606 519 4696 quod
545 4603 583 4670 in
605 4603 709 4672 ruina
733 4601 850 4693 Regni
874 4602 1007 4694 politici
1028 4617 1081 4673 ta-

100 4731 179 4778 men
194 4709 331 4778 discant
345 4729 463 4776 veram
480 4704 741 4773 invocationem
756 4705 814 4772 dei
836 4717 871 4774 et
884 4705 1081 4776 doctrinam

102 4811 142 4878 de
156 4833 263 4900 regno
280 4809 349 4886 dei,
401 4805 496 4876 Bene
512 4806 608 4888 vale,
634 4805 750 4895 pridie
764 4806 828 4878 cal.
846 4803 952 4880 lunii.

604 4949 793 5058 Philippus
807 4951 1034 5027 Melanthon.

99 5141 316 5160 ——w

133 5267 160 5326 *t
176 5267 195 5320 i.
209 5285 232 5321 e.
250 5263 425 5338 Ecclesiaein
440 5259 543 5334 oppido
554 5259 747 5317 schweinfurt.

135 5348 180 5419 *ἢ
198 5351 273 5404 llier.
285 5349 433 5404 Reuscher.
458 5347 520 5402 Vid.
535 5365 615 5420 sopra
627 5345 706 5461 dglss.
721 5350 787 5420 Aps.

1114 2045 1220 2136 guod
1237 2045 1268 2112 si
1283 2044 1444 2126 molirer,
1469 2043 1813 2117 sortassecousilium
1834 2041 1923 2128 mihi
1951 2071 2024 2115 non
2047 2048 2110 2116 de-

1126 2159 1223 2216 esset.
1274 2143 1343 2214 Sed
1367 2169 1407 2214 co
1433 2168 1474 2213 ex
1496 2157 1616 2214 nostra
1638 2146 1727 2214 urbe
1748 2159 1814 2214 eta
1832 2168 1909 2215 meo
1926 2148 2110 2238 complexu

1128 2245 1233 2312 liliam
1267 2245 1370 2314 avelli
1403 2269 1523 2341 passus
1548 2268 1644 2332 sum,
1677 2259 1717 2315 ut
1740 2247 1955 2343 suspiciones
1976 2249 2111 2318 similes
2181 2291 2184 2298 ·

1126 2360 1300 2415 certorum
1317 2341 1515 2426 hominnm,
1541 2370 1691 2438 quorum
1711 2341 1798 2414 mihi
1812 2341 2016 2440 κακοήθεια
2031 2375 2113 2441 per-

1126 2459 1241 2536 specta
1274 2460 1341 2532 est,
1368 2461 1488 2538 aperte
1518 2447 1719 2518 refutarem.
1776 2445 1898 2518 Nolim
1936 2450 2046 2540 igitur
2077 2463 2112 2520 te

1126 2540 1249 2641 istic')
1269 2573 1343 2617 mea
1360 2573 1478 2618 caussa
1492 2541 1735 2618 vehementius
1752 2552 1984 2633 contendere,
2010 2575 2051 2621 ac
2073 2553 2113 2622 iu

1126 2663 1160 2720 te
1185 2650 1403 2739 suspiciones
1426 2647 1683 2719 malevolorum
1708 2652 1879 2725 derivare.
1938 2651 2112 2722 Fortassis

1127 2765 1160 2819 et
1176 2743 1343 2818 Sabinus
1362 2751 1472 2840 magis
1487 2751 1621 2841 appetit
1643 2751 1741 2821 littus
1755 2747 1979 2840 Balthicum,
2005 2779 2112 2847 quam

1128 2847 1310 2944 Philyram
1333 2864 1495 2924 vestram.
1545 2848 1636 2920 Nam
1661 2877 1740 2922 cum
1763 2877 1923 2923 reversus
1946 2879 1986 2924 ex
2002 2851 2113 2928 Ubiis

1127 2948 1187 3020 hic
1209 2977 1289 3020 eum
1314 2952 1545 3036 invenissem,
1571 2951 1680 3021 multa
1704 2951 1925 3046 disputabat,
1950 2957 1993 3024 de
2010 2981 2115 3044 oeco-

1129 3053 1279 3122 nomicis
1295 3053 1589 3137 difficultatibus,¹
1604 3076 1689 3145 quas
1704 3051 1844 3144 Lipsiae
1860 3051 2046 3128 habiturus
2060 3083 2115 3126 es-

1129 3168 1198 3238 set,
1226 3154 1362 3224 etiamsi
1378 3178 1418 3222 eo
1435 3166 1620 3224 vocaretur
1637 3155 1804 3224 mediocri
1827 3157 2016 3250 stipendio.
2066 3154 2115 3229 Et

1130 3270 1181 3325 est
1205 3255 1352 3324 omnino
1375 3248 1548 3347 αὐθάδης
1564 3271 1710 3334 natura,
1734 3281 1797 3326 nec
1821 3281 1857 3326 se
1878 3259 2003 3328 alienis
2028 3283 2115 3332 con-

1129 3355 1218 3426 siliis
1240 3356 1313 3446 regi
1335 3358 1487 3448 patitur,
1514 3359 1608 3450 quod
1632 3355 1814 3427 aestimare
1836 3372 1935 3450 potes
1959 3386 1998 3429 ex
2017 3357 2115 3431 Con-

1129 3459 1312 3528 iunctione
1337 3453 1499 3527 Saturni
1524 3473 1557 3530 et
1578 3451 1723 3527 Martis
1748 3459 1785 3528 in
1810 3459 1975 3550 Virgine,
2008 3487 2113 3554 quam

1129 3561 1265 3630 utinam
1295 3559 1567 3628 considerassem
1588 3559 1772 3640 attentius,
1801 3584 1879 3629 curn
1902 3561 1994 3630 filiae
2017 3585 2114 3632 meae

1129 3660 1347 3731 connubium
1364 3673 1506 3751 peteret,
1521 3661 1615 3752 quod
1631 3661 1774 3753 quidem
1790 3674 1907 3751 postea
1923 3657 2013 3732 mihi
2029 3687 2115 3733 con-

1127 3763 1239 3831 fessus
1252 3775 1321 3845 est,
1345 3785 1419 3830 non
1437 3785 1500 3831 suo
1516 3761 1684 3846 consilio,
1717 3763 1777 3830 sed
1795 3755 1958 3833 hortante
1976 3757 2113 3860 alio**)

1128 3865 1280 3954 quodam
1303 3885 1339 3929 se
1360 3865 1515 3953 petiisse,
1541 3863 1606 3954 qui·
1624 3857 1692 3930 hoc
1709 3863 1852 3932 molitus
1872 3880 1940 3950 est,
1965 3881 2005 3936 ut
2026 3861 2114 3936 hinc

1128 3987 1185 4030 me
1202 3963 1378 4036 avelleret.
1427 3962 1496 4033 Sed
1519 3986 1589 4054 quo
1610 3961 1781 4031 delabor?
1807 3965 1946 4032 veniam
1969 3967 2030 4034 des
2047 3969 2115 4036 do-

1128 4064 1197 4132 lori
1221 4063 1347 4153 patrio.
1395 4061 1511 4159 Saepe·
1532 4057 1621 4130 mihi
1645 4063 1681 4130 in
1706 4076 1858 4132 mentem
1876 4066 1974 4136 venit
1997 4068 2034 4135 in
2058 4062 2115 4136 his

1068 4201 1077 4216 ·
1127 4166 1214 4234 meis
1229 4164 1429 4254 asperrimis
1444 4165 1595 4235 dolorib.
1612 4163 1752 4234 divinae
1768 4183 1856 4260 ocop
1872 4171 1935 4258 nic.
1984 4166 2116 4239 Sumus

1129 4267 1224 4334 enim
1239 4267 1408 4354 imagines
1423 4263 1509 4350 Dei,
1535 4261 1831 4363 Exemplumque
1890 4267 1943 4354 ei,
1964 4267 2116 4372 quisque

1130 4375 1180 4436 est
1201 4365 1363 4458 imagine
1385 4389 1523 4462 parva,
1557 4381 1597 4436 ut
1619 4367 1737 4460 inquit
1758 4371 1873 4458 poe'ta.
1928 4365 2019 4440 Cum
2050 4395 2115 4442 nos

1129 4470 1308 4538 aerumnis
1330 4483 1493 4538 natorum
1520 4479 1703 4560 tantopere
1734 4469 1945 4556 afficiamur,
1983 4485 2114 4566 quanto

1131 4569 1244 4638 maior
1258 4569 1296 4636 iu
1316 4566 1392 4638 Deo
1409 4570 1513 4638 dolor
1530 4583 1599 4652 est,
1626 4593 1705 4639 cum
1723 4569 1820 4642 videt
1833 4565 2009 4642 Ecclesiae
2022 4574 2116 4642 cala-

1131 4670 1286 4754 mitates,
1318 4669 1521 4759 praesertim
1544 4695 1624 4740 cnm
1648 4684 1718 4741 tam
1747 4671 1878 4740 illustri
1913 4675 2113 4744 testimonio

1065 4819 1072 4828 -
1133 4785 1275 4841 testatus
1297 4771 1358 4856 sit,
1383 4796 1419 4841 se
1440 4795 1562 4841 curare
1581 4795 1691 4860 genus
1712 4765 1927 4858 humanum,
1958 4799 2038 4845 cum
2059 4775 2116 4844 vie

1135 4873 1259 4942 delicet
1280 4873 1349 4941 sibi
1375 4887 1537 4944 naturam
1559 4888 1715 4943 nostram
1732 4887 1874 4943 aeterno
1890 4887 1924 4943 et
1951 4876 2116 4943 immuta-

1137 4973 1197 5042 bili
1219 4975 1359 5044 soedere
1377 4974 1567 5066 copularit,
1589 4975 1662 5044 filio
1686 4975 1725 5042 in
1748 4989 1858 5046 terras
1873 4975 1987 5048 misso.
2039 4971 2114 5044 Hac

1134 5161 1359 5174 ..ι-*-

1166 5267 1197 5338 *)
1215 5267 1329 5340 Lipsiae.

1166 5354 1214 5422 *ἢ
1230 5352 1339 5410 lslebio.
1358 5351 1390 5408 C.
1402 5349 1459 5408 W.

1322 5425 1371 5496 26
1380 5419 1410 5466 ἢ.
