4704 5804
2052 245 2129 316 tto

97 237 160 314 aas
670 235 1111 356 nrrsronanou
1161 235 1359 318 araur
1412 239 1548 320 asts.

93 409 330 482 cavillationes
349 409 433 482 illac
444 409 550 484 facile
562 425 723 506 possunt.
772 410 863 484 Nam
888 435 971 484 vera
992 419 1080 484 suot
1134 423 1212 482 tum
1245 424 1468 498 nostrorum,
1500 413 1562 507 qui
1589 413 1810 486 doctissimos
1837 407 2001 486 homines
2030 417 2125 510 apud

82 509 213 606 firmo,
240 527 281 586 ut
302 509 560 584 Demosthenes
580 515 647 600 ait,
685 510 843 610 ἰσχυρὸν
869 511 905 586 r'
932 511 1079 610 ἀληθὲς.
1134 537 1197 584 vos
1216 515 1341 584 audire
1364 527 1397 584 et
1419 515 1458 584 in
1480 516 1629 606 patriam
1653 541 1695 586 ex
1712 517 1837 587 vestris
1851 518 2010 587 fontibus
2025 517 2128 610 quasi

94 613 173 688 Viti
194 615 368 686 indicium
390 611 481 684 mibi
502 640 577 686 non
607 631 658 688 est
688 617 868 706 ignotum3
907 621 967 688 sed
996 620 1080 689 facit
1133 615 1269 686 rivulos
1283 618 1421 708 aliquos
1437 617 1647 687 eruditionis
1661 621 1834 690 deducere
1851 619 2010 709 cupiunt.
2032 617 2124 690 Cam

90 718 237 800 iniuste,
266 717 363 810 quod
385 718 424 784 in
447 719 702 790 deliberatione
726 731 821 788 tanta
844 721 1008 790 derebus
1024 721 1080 789 di·
1132 728 1250 786 autem
1268 729 1300 786 te
1317 717 1488 801 sciamus,
1513 742 1586 786 non
1605 721 1719 788 solum
1737 719 1914 804 doctrina,
1940 720 2123 791 sedetiam

88 819 177 888 vinis
201 815 281 899 †dc
302 841 364 887 sua
386 819 517 904 salute,
550 821 594 892 de
609 821 722 892 salute
737 820 877 911 publica
893 820 1080 890 ecclesiae''
1131 813 1352 889 humanitate
1367 817 1405 886 in
1420 819 1481 888 illa
1497 819 1657 888 omnium
1675 821 1930 912 sapientissima
1947 836 1981 891 et
1997 816 2124 892 huma-

89 915 233 988 adbibet
246 917 285 986 in
300 919 489 990 consilium
503 915 642 1015 suam⁹)
658 921 963 1006 malevolentiam,
989 947 1079 1016 quae
1131 918 1276 988 uissima
1293 921 1437 1006 natione
1454 921 1638 1006 excellere,
1667 933 1769 1012 teque
1787 935 1929 1012 propter
1950 921 2123 994 eruditio-

88 1019 235 1111 impedit
251 1016 448 1105 Iudicium,
481 1045 547 1091 nec
562 1022 751 1116 acquiescit
766 1024 871 1092 rebus
893 1023 983 1092 veris
1003 1048 1078 1092 me-
1130 1043 1212 1088 nem
1228 1033 1262 1090 et
1278 1033 1424 1090 aetatem
1440 1022 1539 1090 velut
1551 1021 1735 1090 Nestorem
1752 1046 1970 1102 veneremur,
1987 1045 2123 1106 omnes,

88 1122 251 1190 diocriter
266 1121 463 1210 explicatis,
493 1126 561 1192 scd.
576 1124 714 1216 quaerit
737 1123 978 1194 cavillationes
1001 1125 1077 1194 sine
1130 1121 1193 1212 qui
1215 1121 1335 1190 literas
1352 1123 1579 1191 mediocriter
1596 1123 1805 1207 didicimus,
1830 1124 1981 1192 maxime
1999 1123 2122 1214 cupie-

87 1225 161 1292 frue.
215 1219 387 1291 Fortassis
410 1223 473 1292 ubi
495 1223 599 1294 aliam
623 1227 744 1295 sedem
759 1225 985 1306 nactuserit.
1009 1249 1077 1317 pu·
1130 1223 1189 1302 hat
1215 1216 1320 1318 hic*)
1347 1217 1571 1291 Matthaeus
1593 1219 1772 1292 Irenaeus
1802 1238 1905 1292 natus
1932 1223 1969 1292 in
2002 1237 2123 1296 nostra

88 1323 185 1394 blicis
209 1323 505 1414 scriptisbellum
535 1327 641 1396 nobis
671 1325 818 1411 inferet,
856 1329 953 1420 quod
982 1342 1077 1416 geret
1129 1321 1278 1394 Francia
1294 1323 1360 1396 tihi
1376 1325 1627 1398 commendari.
1678 1323 1821 1418 Siquid
1838 1324 2122 1413 igiturtestimo-

87 1447 156 1494 non
175 1424 333 1508 felicius,
365 1449 471 1516 quam
488 1421 624 1496 Eeeius
645 1441 706 1500 aut
728 1427 859 1498 similes
883 1441 1075 1517 gesserunt.
1129 1424 1190 1492 nio
1207 1449 1287 1494 meo
1303 1425 1451 1510 tribuis,
1485 1447 1698 1516 magnopere
1720 1440 1753 1496 te
1775 1449 1881 1516 rogo,
1914 1440 1954 1496 ut
1977 1440 2123 1516 propter

88 1525 195 1616 Spero
220 1525 287 1596 tibi
310 1526 566 1612 satisfacturam
591 1551 662 1598 esse
686 1541 844 1598 nostram
873 1529 1076 1619 explicatio·
1128 1536 1265 1596 nostras
1282 1526 1420 1612 literas,
1445 1525 1482 1594 in
1508 1526 1624 1618 primo
1648 1550 1836 1617 congressu
1858 1550 1938 1596 eum
1960 1539 2122 1598 amanter

86 1651 185 1712 nem,
220 1627 281 1694 sed
306 1640 424 1696 tamen
451 1629 557 1698 velim
581 1642 614 1700 tc
635 1625 725 1698 milri
750 1631 920 1724 scribere,
945 1630 1074 1700 antibi
1129 1626 1291 1717 excipias.
1341 1625 1465 1696 Postea
1493 1628 1587 1694 enim
1617 1628 1680 1696 uhi
1712 1651 1814 1696 nosse
1842 1652 1922 1696 eum
1954 1627 2121 1718 coeperis,

86 1730 127 1798 sit
145 1728 374 1800 satisfactum.
437 1727 655 1800 Mediocrem
680 1725 765 1799 haec
787 1731 1016 1800 attentionem
1041 1745 1076 1801 et
1128 1751 1191 1818 pro
1229 1741 1288 1798 tua
1321 1751 1459 1804 summa
1494 1723 1714 1798 humanitate
1748 1729 1842 1799 ultro
1870 1753 1949 1797 euru
1978 1744 2121 1820 propter

86 1833 272 1898 candorem
290 1829 328 1896 in
345 1829 550 1916 iudicando,
573 1845 608 1901 et
622 1833 863 1902 dexteritatem
878 1833 1075 1924 requirunt.
1127 1829 1280 1920 optimos
1299 1851 1414 1898 mores
1430 1841 1461 1897 et
1481 1830 1717 1918 cognitionem
1734 1831 1926 1898 multarum
1944 1831 2120 1900 bononem

86 1929 157 2000 lmo
183 1930 502 2000 considerationem
527 1945 667 2002 nostrae
689 1933 861 2002 miseriae.
919 1931 989 2000 Pro
1015 1947 1072 2004 tua
1128 1930 1257 1998 artium
1276 1929 1526 2020 complecteris.
1577 1927 1656 2000 Etsi
1673 1931 1768 1998 enim
1782 1929 2120 2002 Iurisconsultorum

87 2054 161 2120 erga
175 2055 236 2100 me
250 2031 493 2102 benevolentia
508 2047 619 2122 etpro
633 2057 780 2104 munere
794 2029 906 2103 habeo
918 2035 983 2104 tibi
995 2057 1075 2122 gra·
1128 2031 1308 2100 doctrinae
1327 2053 1363 2098 se
1379 2031 1535 2116 dederit,
1566 2043 1608 2101 ut
1627 2033 1762 2102 aditum
1786 2034 1829 2100 ad
1847 2029 2119 2122 Rempuhlicam

85 2133 177 2206 tiam.
222 2129 429 2217 Benevale‚
454 2131 1073 2228 Prid.Calend.Septemb.1545.¹⁰)
1128 2127 1292 2214 haberet,
1331 2145 1449 2200 tamen
1479 2145 1581 2201 antea
1605 2155 1641 2202 se
1663 2133 1726 2202 illo
1751 2132 1992 2203 doctrinarum
2021 2133 2120 2213 orbe,

85 2231 238 2302 Domino
271 2227 445 2303 Murrina
477 2248 708 2306 conterraneo
742 2261 821 2306 meo
855 2231 1074 2320 charissimo,
1127 2257 1214 2324 quas
1246 2225 1479 2324 Philosophia
1510 2235 1689 2318 continet,
1730 2233 1907 2324 praeclare
1939 2233 2119 2302 instruxit.

85 2335 155 2403 seni
170 2333 232 2426 pio
249 2347 283 2404 et
299 2336 422 2422 docto,
447 2337 565 2406 omnia
580 2339 694 2406 saresta
712 2350 808 2428 opto.
1127 2330 1176 2403 Et
1200 2335 1245 2402 ad
1267 2328 1335 2404 hoc
1358 2335 1465 2406 decus
1484 2330 1760 2424 pulcherrimam
1781 2358 1923 2404 morum
1953 2336 2119 2404 modera-

535 2449 762 2546 †Ph11;ppus
781 2449 1025 2529 Melanthonj'
1068 2427 1072 2433 ¹
1127 2435 1279 2520 tionem,
1304 2437 1493 2504 candorem
1511 2449 1545 2506 et
1560 2436 1663 2506 fidem
1682 2459 1819 2525 semper
1836 2435 2005 2508 adiunxit.
2044 2433 2118 2504 Nec

1127 2549 1198 2605 tam
1212 2549 1357 2628 propter
1372 2533 1709 2608 Iurisconsultorum
1728 2537 1995 2628 disputationes,
2010 2559 2117 2628 quam

1127 2651 1270 2728 propter
1285 2651 1363 2707 taxos
1378 2635 1575 2708 Socraticos
1589 2662 1766 2708 sermones
1784 2635 1921 2708 ltaliam
1937 2637 2118 2730 appetivit,

856 2815 957 2856 mense
973 2796 1026 2858 Au
1126 2762 1215 2830 quos
1240 2738 1309 2806 sibi
1332 2741 1376 2808 ad
1399 2762 1541 2808 omnem
1568 2740 1677 2808 vitam
1699 2752 1792 2808 recte
1808 2739 1977 2828 agendam
1994 2737 2117 2830 profu-

841 2818 1059 2920 Α
1125 2853 1223 2908 turos
1246 2853 1372 2930 sperat.
1435 2835 1555 2928 Quare
1582 2841 1614 2908 ei
1637 2840 1827 2910 sciscitanti
1849 2839 2028 2908 interdum
2051 2838 2118 2907 ali·

1019 3017 1022 3023 ,
1125 2940 1210 3032 quid
1233 2941 1277 3009 de
1301 2939 1413 3010 literis
1427 2953 1488 3010 aut
1504 2941 1548 3010 de
1565 2941 1644 3010 aliis
1661 2936 1818 3010 honestis
1832 2941 1938 3009 rebus
1953 2964 1999 3008 ne
2015 2939 2118 3023 desis,

1124 3053 1158 3109 te
1181 3039 1285 3110 etiarn
1309 3055 1415 3134 atque
1438 3041 1542 3110 etiam
1567 3065 1643 3116 oro.
1694 3037 1748 3110 De
1771 3065 1848 3109 mea
1871 3065 1954 3109 vero
1979 3063 2059 3130 erga
2082 3055 2117 3112 te

1124 3142 1345 3211 observantia
1378 3142 1535 3232 locuples
1567 3143 1664 3214 testis
1696 3142 1763 3212 erit
1796 3137 1855 3210 hic
1880 3134 2115 3214 dfotthoeus.

1124 3239 1251 3312 Amavi
1270 3267 1399 3312 nornen
1416 3255 1497 3311 ante
1513 3267 1625 3311 annos
1638 3241 1783 3332 triginta
1799 3267 1888 3334 puer
1903 3237 2019 3310 adhuc
2034 3265 2115 3310 cum

85 2787 145 2860 No.
161 2785 276 2859 2760.

90 2883 260 2914 m
468 2961 679 3094 Egnotio.

217 3139 305 3215 Epist.
319 3121 368 3196 lib.
383 3139 430 3195 t't.
451 3159 478 3212 p.
493 3139 528 3194 87
536 3159 597 3212 sqq.

85 3292 306 3372 Clarissimo
316 3307 347 3368 et
357 3295 583 3369 Doctissr'mo
595 3293 702 3376 Viro,
719 3281 888 3368 Domino
898 3295 924 3368 I
930 3301 1074 3372 oanni

104 3401 354 3501 Baptistae
379 3399 590 3496 Egnatio
612 3423 824 3476 amicosuo.
858 3399 1045 3475 Venetios.
1122 3443 1627 3534 posteaqemagisvenfflms
1650 3463 1746 3529 sum,
1779 3470 1849 3536 qu„
1875 3443 1985 3532 magis
2009 3443 2115 3512 intel.

82 3533 159 3624 Etsi
179 3552 222 3622 in
237 3547 295 3620 his
308 3548 473 3644 Europae
487 3548 699 3622 tumultibus
714 3563 748 3620 et
763 3551 859 3620 fatali
878 3575 1067 3642 regnorum
1122 3547 1229 3636 ligere
1245 3546 1392 3618 virtutes
1408 3547 1525 3635 coepi,
1558 3559 1592 3617 et
1619 3545 1686 3615 scis
1711 3569 1752 3614 ex
1769 3545 1902 3614 iudicio
1919 3557 2030 3614 ortam
2049 3544 2116 3614 ob·

82 3653 363 3748 perturbatione,
401 3677 467 3722 nec
488 3643 603 3722 honos
626 3664 677 3720 est
697 3651 828 3737 literis,
861 3655 1068 3744 praesertim
1122 3646 1333 3718 servantiam
1348 3671 1420 3716 non
1440 3646 1609 3736 extingui.
1662 3643 1783 3733 Quare
1804 3670 1860 3715 me
1885 3669 2026 3738 quoque
2049 3643 2115 3714 tibi

36 3807 39 3817 .
83 3759 116 3826 in
131 3752 199 3828 hac
216 3768 336 3826 nostra
352 3755 496 3826 natione
518 3748 739 3836 horridiore,
769 3777 835 3822 nec
857 3753 972 3823 colere
992 3769 1068 3826 stu·
1121 3749 1344 3823 commendo.
1394 3745 1492 3818 Bene
1514 3761 1547 3820 et
1563 3747 1737 3819 foeliciter
1753 3747 1842 3822 vale.
1894 3744 2019 3817 Mense
2036 3743 2115 3816 Au-

82 3859 133 3928 dia
152 3857 337 3930 doctrinae
358 3868 528 3948 quantum
546 3867 707 3945 optamus
724 3875 923 3943 possumus:
949 3869 1066 3926 tamen
1104 3863 1233 3937 custo.
1296 3849 1300 3860 “

83 3985 155 4029 cum
168 3957 295 4028 multis
310 3957 404 4026 veris
416 3955 545 4025 causds
566 3977 791 4038 moveamur,
823 3969 864 4025 ut
888 3979 1067 4048 speremus

81 4082 262 4132 mansuras
283 4081 356 4128 esse
379 4057 515 4150 aliquas
537 4053 709 4144 Respuhl.
730 4055 901 4144 religione
930 4072 962 4127 et
990 4058 1066 4128 iure

82 4163 312 4245 consociatas,
348 4183 423 4238 ,nou
445 4157 570 4228 desino
591 4179 670 4224 meo
694 4155 772 4226 loco
795 4151 976 4228 adhortari
1000 4185 1067 4230 no-
1118 4149 1186 4224 No.
1202 4146 1315 4228 2751.
1982 4152 2113 4274 Q.

1123 3359 1203 3414 tuae
1234 3345 1479 3414 annotationes
1511 3344 1666 3434 primum
1699 3343 1738 3412 in
1764 3344 1879 3413 lucem
1906 3343 2116 3433 prodissent.
2230 3374 2232 3383 Δ

82 4277 182 4334 stram
212 4262 450 4345 iuventutem,
490 4283 536 4328 ne
565 4257 748 4344 frangatur
777 4259 905 4328 animis
934 4261 972 4327 in
1002 4255 1066 4330 hac
1124 4246 1297 4276 Μ

81 4378 172 4436 tanta
190 4379 392 4454 temporum
413 4357 606 4443 moestitia,
636 4361 695 4427 sed
718 4359 1067 4454 quantulamcunque

81 4467 260 4537 literarum
289 4476 326 4534 et
352 4461 535 4532 doctrinae
556 4459 809 4551 professionem
833 4461 985 4530 retinere
1007 4487 1067 4533 co-

81 4583 192 4642 netur.
252 4562 302 4636 Ut
332 4577 449 4634 autem
482 4561 654 4643 Pericles,
691 4562 784 4652 apud
818 4555 1064 4656 Thucydidem

83 4664 239 4740 Athenas
271 4664 433 4735 nominat
463 4665 528 4754 τῆς
565 4654 716 4741 ἑλλᾶδος
752 4657 964 4748 παίδευσιν;
1016 4663 1065 4734 ita

81 4771 188 4839 multo
202 4767 321 4838 verius
335 4764 436 4836 ltalia
451 4765 526 4833 sola
540 4763 662 4833 multis
676 4762 824 4831 saeculis
839 4764 983 4834 unicum
1000 4767 1066 4834 do·

82 4870 248 4941 micilium
262 4881 313 4938 est
326 4866 486 4936 omnium
501 4864 744 4934 doctrinarum
751 4876 792 4961 ,et
806 4866 965 4944 omnium
980 4888 1065 4957 gen·

83 4972 167 5042 tium
187 4971 226 5038 in
250 4966 414 5039 universa
436 4963 581 5056 Europa
604 4965 781 5054 magistra.
846 4963 966 5054 Quare
976 4993 1066 5038 .ma-

83 5073 169 5142 xime
183 5071 295 5164 probo
313 5063 594 5140 honestissimam
612 5065 841 5156 cupiditatem
861 5069 1064 5140 adolescen-

85 5221 279 5242 ...μ-ηις*

114 5310 142 5376 9)
159 5327 240 5364 mm
255 5323 312 5362 noa
326 5304 425 5360 habeut
437 5303 499 5361 cod.
511 5303 577 5362 Bar.
590 5311 616 5358 et
629 5301 691 5361 cod.
706 5300 789 5359 Goth.
800 5303 861 5362 263.

114 5397 157 5466 10)
175 5391 243 5452 cot.
255 5389 320 5447 fler.
335 5390 412 5448 1534.

1455 4317 1513 4406 M.
1541 4315 1779 4424 Romossy.

1186 4479 1264 4534 Edita
1280 4479 1308 4534 io
1324 4480 1412 4533 libro:
1436 4478 1630 4551 „Approbatio
1645 4475 1858 4532 Reformatiouis
1871 4475 2008 4530 Ecclesiae
2022 4475 2114 4532 Coro·

1223 4549 1314 4602 nensis
1328 4566 1359 4601 ac
1373 4546 1455 4600 totius
1468 4547 1610 4602 Bar-censis
1625 4547 1804 4610 Provinciae,
1828 4563 1843 4597 a
1859 4545 1966 4600 Clariss.
1980 4545 2015 4600 D.
2031 4547 2113 4600 ldart.

1220 4617 1355 4682 luthero,
1378 4615 1447 4667 Phili
1470 4635 1505 4684 po
1520 4617 1698 4669 Melanthorre
1712 4627 1736 4668 et
1754 4615 1855 4666 loanue
1869 4613 2042 4684 Pomcrano,
2062 4614 2112 4666 Vi·

1220 4687 1328 4756 teberga
1345 4683 1434 4738 Cibin.
1449 4635 1571 4751 llastori,
1594 4702 1658 4738 suae
1673 4683 1808 4738 Ecclesiae
1823 4681 2046 4735 reformationem
2062 4701 2112 4751 pe·

1219 4753 1305 4818 tenti,
1322 4752 1494 4822 transmissa,
1518 4763 1544 4805 et
1556 4773 1584 4805 es
1598 4751 1766 4822 autographo
1780 4769 1803 4806 s.
1818 4749 1954 4820 Originali
1968 4752 2054 4804 deseri
2076 4761 2112 4806 ta.

1220 4819 1369 4876 Coronae''
1387 4825 1420 4886 (s.
1433 4823 1468 4888 a.)
1488 4822 1514 4876 8.
1548 4821 1584 4873 Er
1604 4819 1658 4874 boe
1677 4819 1748 4872 libro
1767 4818 1858 4873 denuo
1879 4837 1973 4872 excusa
1996 4817 2023 4870 in
2067 4837 2110 4872 ens

1130 4939 1134 4948 ‚
1219 4887 1408 4960 Ungoriseben
1423 4889 1548 4957 Magaain
1564 4889 1596 4942 T.
1610 4887 1658 4941 lV.
1679 4905 1705 4958 p.
1717 4887 1794 4954 207„
1819 4888 1892 4955 quod
1915 4885 2031 4939 contulit
2045 4885 2110 4940 Cla-

1219 4957 1278 5012 risa.
1290 4958 1529 5011 Foerstemanous.
1555 4955 1693 5010 Nimirum
1708 4955 1819 5010 miserat
1834 4953 1960 5007 Matthias
1970 4953 2110 5024 llamassy‚

1219 5024 1315 5079 Pastor
1329 5025 1496 5094 Cibinensis,
1520 5024 1660 5078 libellums
1688 5021 1881 5094 „Reformatio
1902 5019 2036 5072 Ecclesiae
2052 5021 2110 5076 Co.

1218 5093 1367 5148 roncnais”
1381 5101 1432 5147 etc.
1451 5093 1519 5155 [vid.
1535 5111 1581 5147 no.
1596 5097 1666 5162 sq.],
1683 5093 1711 5146 in
1727 5111 1783 5163 quo
1799 5087 1933 5156 descripta
1947 5098 2005 5140 erat
2019 5086 2109 5144 forata

1217 5179 1359 5216 sacrorum
1383 5162 1412 5214 in
1437 5161 1597 5230 quibusdam
1625 5158 1732 5233 oppidis
1756 5154 1926 5228 hungariae,
1957 5157 2107 5211 secuudum

1149 5321 1178 5394 ²¹¹)
1198 5323 1241 5376 De
1253 5321 1364 5376 Irenaeo
1383 5331 1411 5376 et
1424 5332 1464 5376 tra
1484 5321 1527 5376 ico
1540 5319 1598 5374 eiua
1611 5337 1673 5378 asu
1688 5319 1763 5392 lege,
1784 5333 1853 5390 quse
1867 5274 1961 5371 scribit
1973 5277 2107 5375 Camera-

1182 5389 1241 5447 rius
1254 5390 1283 5446 iu
1296 5393 1349 5446 sita
1360 5341 1492 5458 liciensi.
1505 5409 1533 5462 p.
1546 5389 1606 5445 181.
