4704 5804
94 233 156 310 stt
647 228 1078 308 EPISTOLARUM
1136 229 1244 310 LlB.
1277 231 1340 307 IX.
1396 231 1529 309 teas.
2033 235 2109 310 242

92 409 186 480 nobis
206 409 244 480 in
265 422 421 481 mentem
438 411 606 496 veniunt,
637 409 721 504 quia
741 403 808 479 hac
827 421 930 480 nocte
951 405 1072 478 amisi·
1121 405 1214 502 gatio
1225 404 1256 504 ⁴)
1277 410 1519 481 commendata
1545 411 1762 501 sperabatur.
1814 407 1884 480 Sed
1906 436 1927 482 o
1947 434 2025 504 spes
2038 406 2107 483 ho-

91 535 161 582 mus
199 513 456 582 adolescentem
495 503 805 609 Christophorum
839 503 1071 595 Esehmann,
1120 511 1258 580 minum
1280 511 1396 582 fallax.
1452 509 1495 581 ln
1521 507 1586 582 hoc
1608 537 1713 583 cursu
1736 513 1951 605 optimorum
1972 515 2107 584 studio-

92 605 335 708 Ulcenium*),
368 613 432 706 qui
456 627 497 685 ut
516 614 659 704 ingenio
679 609 867 684 Tibullum
888 613 1071 694 referebat,
1119 635 1200 681 rum
1223 613 1425 682 adolescens
1445 614 1536 682 febri
1558 639 1743 706 oppressus
1768 639 1848 683 cum
1871 617 2104 696 decubuisset,

90 715 133 784 ita
151 715 221 783 fato
239 713 347 782 simili
365 714 554 784 immatura
569 728 682 784 morte
697 714 869 786 extinctus
885 727 948 785 est.
999 709 1069 781 Sed
1121 713 1196 782 dies
1217 715 1483 806 quatuordecim
1505 715 1597 784 inter
1612 729 1690 784 vota
1708 730 1741 784 et
1764 715 2020 786 invocationem
2039 718 2105 788 filii

88 809 300 884 hoclelicius
315 815 505 902 concessit,
535 817 633 909 quod
656 815 693 884 in
712 815 937 886 invocatione
951 808 1020 880 Dei
1037 826 1071 883 et
1120 811 1205 900 Dei,
1236 815 1389 884 animam
1399 811 1431 911 ⁸)
1454 813 1531 885 Deo
1552 816 1721 886 reddidit:
1756 841 1820 885 nec
1845 819 1939 885 enim
1966 819 2103 906 dubito,

89 915 207 984 fidncia
227 915 292 983 lilii
312 911 381 984 Dei
400 917 539 986 domini
561 917 674 987 nostri
696 913 776 984 lesu
793 910 928 984 Christi
949 935 990 980 ex
1013 907 1070 980 his
1120 941 1200 986 eum
1223 915 1294 984 iam
1317 917 1355 984 in
1377 918 1445 986 alia
1466 919 1570 1006 longe
1595 918 1786 986 eruditiore
1807 929 1841 986 et
1856 919 2104 1011 tranquilliore

88 1015 258 1086 aemmnis
283 1030 448 1088 evocatus
470 1031 539 1103 est,
578 1031 614 1088 et
638 1017 785 1086 suerunt
812 1037 929 1084 mores
959 1012 1069 1104 ipsius
1120 1012 1248 1088 Schola
1264 1039 1358 1102 esse,
1380 1041 1419 1086 ac
1442 1019 1558 1110 ipsum
1577 1020 1702 1088 audire
1725 1032 1759 1089 et
1773 1018 1893 1088 videre
1908 1015 2104 1107 Christum,
2194 1091 2197 1097 ,

88 1117 176 1208 pleni
197 1116 396 1206 pietaliset
419 1119 572 1192 virtutis.
628 1115 834 1187 Dolendum
857 1129 926 1196 est,
960 1115 1069 1184 eccle·
1119 1112 1313 1206 Prophetas
1331 1132 1365 1187 et
1385 1115 1586 1204 Apostolos.
1637 1118 1759 1200 Quare
1781 1119 1845 1185 etsi
1869 1121 1936 1205 ipsi
1959 1123 2103 1208 quidem

88 1219 166 1284 siam
191 1217 351 1286 amittere
373 1218 456 1288 talia
479 1219 644 1308 ingenia,
677 1241 767 1308 quae
799 1217 923 1282 multis
946 1216 1070 1299 prolu—
1120 1213 1213 1278 nihil
1238 1215 1322 1278 mali
1339 1212 1482 1280 accidit:
1520 1224 1638 1281 tamen
1653 1209 1831 1282 Ecclesiae
1854 1239 1956 1286 causa
1980 1220 2102 1294 doleo:

89 1333 159 1388 tura
180 1330 301 1402 erant,
340 1330 375 1386 et
397 1319 546 1406 gloriam
573 1319 640 1384 Dei
663 1317 894 1408 illustratura.
950 1307 1070 1396 Quare
1120 1325 1154 1380 et
1171 1325 1317 1402 propter
1341 1312 1453 1403 ipsius
1471 1325 1636 1398 matrem,
1663 1314 1719 1384 cui
1736 1328 1790 1398 te,
1815 1329 1849 1385 et
1866 1319 1894 1386 si
1917 1342 2021 1410 quem
2038 1349 2104 1393 vo-

88 1415 195 1488 Denm
219 1439 379 1498 oremus,
410 1432 452 1488 ut
470 1415 659 1488 seminaria
685 1413 849 1483 ecclesiae
871 1423 1003 1494 servet,
1037 1422 1071 1479 et
1121 1413 1171 1481 les
1192 1408 1361 1482 adhibere
1381 1413 1511 1506 alium,
1552 1439 1657 1508 quam
1677 1416 1754 1485 fieri
1776 1431 1889 1504 potest
1916 1421 2103 1495 mollisime
2142 1483 2144 1488 .

89 1519 195 1588 studia
211 1519 271 1610 pia
285 1531 437 1592 tueatur.
487 1515 611 1586 Funus
634 1516 693 1584 fiet
705 1509 790 1582 hnic
803 1501 1071 1604 Chrislophoro
1116 1503 1271 1582 'mortem
1289 1513 1352 1582 lilii
1369 1513 1565 1602 significare
1582 1516 1756 1602 volumus,
1783 1531 1817 1587 et
1832 1515 2006 1618 addere⁶)'
2017 1549 2125 1595 con--

89 1615 168 1689 hora
179 1621 256 1704 te„
270 1621 315 1688 ad
331 1621 428 1713 quod
444 1619 620 1688 studiosos
635 1615 824 1684 convenire
837 1615 945 1682 decet.
975 1607 1073 1680 Con·
1123 1615 1311 1684 solationes
1326 1639 1426 1683 veras
1442 1639 1483 1682 ex
1498 1617 1639 1687 coelesti
1657 1619 1818 1689 doctrina
1834 1637 2003 1711 sumptas:
2026 1623 2103 1699 Deo

90 1721 226 1791 veniant
244 1733 360 1791 autem
376 1721 414 1788 in
428 1717 599 1809 Collegio.
636 1713 703 1786 Die
719 1715 755 1788 3.
769 1712 954 1785 Decembr.
965 1710 1073 1784 1543.
1123 1715 1281 1784 evocanti
1302 1737 1367 1784 nos
1382 1719 1577 1808 parendum
1592 1741 1675 1788 esse.
1707 1717 1755 1789 Et
1770 1719 1843 1789 lilio
1854 1717 1882 1820 ⁷)
1899 1723 1962 1794 etsi
1978 1741 2106 1816 optan-

1123 1819 1168 1886 da
1182 1817 1323 1906 longior
1336 1817 1408 1886 vita
1422 1818 1502 1886 suit:
1531 1831 1647 1888 tamen
1671 1821 1741 1889 iam
1758 1822 1866 1891 fuisse
1884 1829 2049 1917 adeptum
2065 1855 2104 1902 ea

1123 1920 1239 2010 bona,
1264 1942 1352 2012 quae
1368 1919 1554 2011 praecipue
1568 1913 1707 1990 homini
1727 1929 1919 2012 expetenda
1944 1933 2044 2000 sunt:
2072 1948 2105 2004 et

1125 2033 1270 2111 propter
1291 2043 1381 2111 qnae
1402 2033 1495 2090 aetas
1517 2022 1686 2110 grandior
1704 2027 1857 2114 optanda
1867 2022 1896 2123 ⁸)
1913 2044 1981 2108 est,
2007 2033 2106 2104 vide-

92 2117 280 2193 N0,2809,
957 2115 1075 2186 5.Dev·
1125 2117 1453 2216 licet⁹)doctrinam
1470 2123 1666 2196 coelestem.
1718 2121 1820 2195 Hane
1837 2126 1907 2198 iam
1923 2131 2107 2224 didicerat,

99 2215 265 2244 Ἄ
949 2209 1071 2235 '‘⁸“
1126 2235 1230 2292 norat
1244 2219 1380 2307 Deum,
1403 2235 1437 2292 et
1454 2223 1565 2292 lilium
1581 2225 1672 2294 eius:
1700 2240 1733 2296 et
1750 2227 1880 2300 sciebat
1899 2255 1981 2301 vere
2003 2234 2107 2308 invo-

306 2299 462 2385 Bernh.
492 2295 857 2410 Baumgal'inssl‘O·
1127 2337 1243 2393 cantes
1267 2321 1394 2412 spiritu
1419 2339 1537 2394 sancto
1557 2327 1694 2395 renasci
1719 2331 1763 2396 ad
1788 2330 1894 2400 vitam
1918 2347 2107 2414 aeternam.

1126 2420 1287 2495 Ardebat
1304 2423 1378 2493 eius
1393 2449 1492 2493 mens
1505 2427 1631 2497 fiducia
1646 2427 1710 2496 lilii
1726 2425 1805 2513 Dei,
1832 2455 1934 2524 quem
1952 2459 2033 2505 vere
2050 2441 2108 2509 in-

1127 2529 1290 2597 vocabat:
1317 2539 1352 2595 et
1364 2551 1465 2618 saepe
1481 2528 1569 2596 alios
1585 2529 1742 2602 docebat.
1794 2528 1863 2602 Hic
1880 2535 1971 2608 vitae
1986 2560 2108 2614 cursus

1126 2653 1208 2696 vere
1221 2630 1347 2719 dignus
1362 2643 1412 2698 est
1425 2629 1546 2698 lande:
1570 2643 1603 2699 et
1617 2633 1716 2721 prius
1730 2633 1902 2722 discessit,
1919 2663 2024 2732 quam
2042 2643 2110 2714 im.

1127 2731 1269 2820 plicitus
1293 2747 1344 2803 est
1366 2731 1539 2820 negociis,
1565 2745 1603 2802 ut
1623 2757 1706 2820 nos,
1732 2733 1917 2830 inquibus
1939 2767 2012 2813 nou
2028 2769 2111 2836 pos-

154 2480 260 2606 1111111ὲὶΙ
267 2481 368 2552 sarrag.
381 2497 408 2551 p.
421 2477 472 2532 241
481 2496 541 2550 sqq.
552 2507 589 2520 —
611 2475 796 2550 Apographon
809 2472 836 2526 in
852 2472 913 2528 cod.
925 2471 1008 2526 Goth.
1019 2469 1076 2526 191.

184 2571 211 2624 p.
265 2590 272 2606 .

96 2705 256 2803 Egregia
280 2701 481 2777 eruditione
501 2713 533 2774 el
556 2702 685 2774 virtute
707 2697 876 2798 praedito
898 2697 993 2780 viro,
1023 2693 1077 2768 D.

96 2802 865 2898 BernhardoBaumgarlnero,
898 2799 1078 2917 '’²⁶8¹'st
1128 2845 1212 2902 sunt
1234 2857 1307 2904 non
1329 2834 1486 2903 accidere
1507 2835 1682 2907 scandala.
1749 2833 1803 2906 De
1825 2843 1970 2930 morbo,
2003 2849 2111 2922 audio

96 2903 372 3010 Philosophiae,
410 2903 554 2977 docenti
576 2903 734 3003 optimas
759 2913 856 2973 artes
881 2905 921 2972 in
945 2897 1078 3000 oppido
1128 2935 1278 3004 similem
1293 2933 1419 3005 febrim
1436 2935 1542 3003 fuisse

119 3009 287 3096 Uimi,
311 3001 771 3088 aml⁶⁰51¹⁰⁶hasl⁸5⁸⁶m⁰⁵
796 2999 1052 3101 Philippus
1129 3029 1226 3104 theri
1246 3037 1353 3107 liliam
1376 3036 1534 3106 extinxit.
1599 3035 1736 3109 Tantus
1758 3040 1796 3108 in
1820 3066 1861 3111 eo
1884 3049 2000 3134 pudor
2032 3051 2113 3132 fuit,

439 3105 539 3182 Mel
545 3101 726 3178 011ῑῆ011
1128 3151 1224 3210 tanta
1251 3141 1321 3208 mei
1344 3137 1557 3223 reverentia,
1589 3153 1630 3208 ut
1651 3137 1739 3210 mihi
1765 3141 1923 3214 indicare
1946 3151 2124 3238 noluerit,

97 3225 138 3318 S.
159 3244 204 3318 D,
256 3239 471 3318 Charissime
495 3233 733 3312 Bernharde:
766 3236 845 3310 Etsi
868 3251 1004 3308 tantum
1029 3251 1078 3308 est
1129 3263 1164 3309 se
1181 3255 1370 3328 aegrotare.
1422 3238 1492 3310 Sed
1513 3253 1630 3310 tamen
1654 3245 1807 3313 medicos
1830 3250 2025 3337 consuluit,
2051 3257 2113 3348 qui

97 3349 309 3418 miseriarum
329 3345 570 3438 publicarum,
592 3356 633 3413 ut
646 3343 737 3412 bene
759 3341 813 3430 agi
836 3365 916 3409 cum
939 3340 983 3408 iis
1006 3341 1079 3409 exi·
1129 3341 1186 3436 (ut
1209 3340 1334 3440 audio)
1359 3341 1474 3412 statim
1499 3341 1702 3416 iudicarunt
1722 3341 1850 3415 lethale
1874 3352 2005 3420 malum
2030 3380 2114 3427 esse.

98 3450 305 3519 stimandum
323 3447 387 3528 sit,
420 3444 540 3538 quiex
565 3441 630 3514 hac
646 3444 717 3512 vita
735 3455 943 3524 evocantur,
977 3441 1079 3532 prae·
1129 3443 1221 3513 Novi
1237 3440 1305 3514 hoc
1323 3467 1432 3535 genus
1448 3443 1620 3528 febrium,
1646 3469 1727 3530 nam
1742 3447 1887 3519 biennio
1905 3453 2041 3550 aliquot
2064 3459 2114 3530 sic

99 3551 208 3620 sertim
232 3548 372 3637 cognita
395 3547 554 3616 doctrina
573 3544 637 3614 filii
654 3541 737 3613 Dei:
773 3557 892 3613 tamen
911 3565 1078 3630 magnum
1128 3548 1261 3616 mortui
1280 3559 1376 3616 sunt:
1404 3539 1547 3638 intns¹⁰)
1569 3547 1668 3615 ardet
1685 3563 1821 3640 pectus,
1846 3564 1880 3620 et
1894 3573 2058 3630 arescunt
2079 3575 2113 3631 et

100 3653 192 3721 nobis
223 3649 383 3720 dolorem
413 3661 447 3716 et
476 3647 611 3716 luctum
641 3645 759 3715 attulit
786 3667 881 3712 mors
907 3635 1078 3712 Christo.
1128 3649 1396 3718 inflammantur
1409 3649 1526 3715 lances
1542 3661 1575 3716 et
1588 3647 1720 3738 lingna.
1758 3649 1943 3722 Caeterum
1969 3665 2114 3732 necdo-

98 3745 200 3846 photi
214 3743 457 3820 Eschmanni
463 3744 489 3841 ¹)
508 3747 685 3825 Ulcensis,
712 3744 876 3836 discipuli
890 3744 953 3818 tni.
988 3743 1079 3812 Nul-
1129 3749 1185 3817 lor
1214 3774 1360 3837 magnus
1395 3747 1562 3831 sentitur,
1597 3773 1660 3816 nec
1691 3753 1946 3825 mentis'error
1972 3751 2114 3835 accedit.

101 3853 165 3922 lum
196 3854 238 3924 in
270 3863 343 3937 tpta
375 3849 568 3919 Academia
602 3846 785 3936 ingenium
815 3845 883 3934 ipsi
915 3845 1078 3932 praetuli.
1128 3843 1393 3928 Letherifilia‚
1421 3841 1782 3944 utChristophorus:
1808 3855 2044 3944 placidissime
2070 3867 2114 3937 de

101 3951 276 4024 Scribebat
296 3951 446 4020 solutam
468 3950 682 4031 orationem,
714 3959 749 4015 et
769 3969 890 4016 versus
907 3943 955 4014 ita
964 3941 1014 4039 ²),
1039 3959 1079 4014 ut
1127 3949 1203 4019 Deo
1228 3965 1262 4019 et
1287 3953 1330 4018 de
1354 3951 1617 4018 immortalitate
1641 3952 1750 4020 animi
1772 3979 1811 4023 ac
1826 3951 1959 4028 Christi
1982 3963 2114 4036 heneti.

100 4068 248 4125 veterum
270 4053 493 4122 laudatorum
515 4049 725 4140 scriptorum
745 4047 897 4116 nitorem
913 4047 1078 4132 referret5
1128 4054 1190 4121 ciis
1207 4053 1434 4135 disseruerat,
1465 4074 1555 4140 pene
1581 4075 1692 4144 usque
1718 4057 1761 4122 ad
1784 4069 1971 4130 extremam
1995 4067 2115 4156 spira-

101 4155 134 4222 t„
161 4147 391 4246 Philosophia
425 4175 508 4219 vera
538 4163 574 4218 et
604 4148 765 4218 doctrina
799 4142 1000 4218 Christiana
1026 4147 1079 4232 ¹ita
1129 4155 1274 4227 tionem.
1326 4154 1425 4226 Talis
1447 4175 1526 4222 cnm
1549 4147 1934 4253 luerithrislophori
1953 4169 2114 4256 morbus,

102 4251 372 4348 promoverat³),
410 4266 452 4322 ut
479 4251 574 4322 docti
596 4251 823 4318 disserentem
846 4271 1078 4337 magnacum
1128 4257 1296 4347 temporis
1312 4269 1371 4324 ant
1388 4245 1450 4324 lati
1468 4255 1690 4342 deploremus
1706 4281 1823 4327 casnm
1835 4255 1871 4354 ¹¹)
1888 4287 1951 4332 nec
1967 4291 2115 4358 quaera-

102 4353 516 4427 ³dmlf³ll⁰¹¹0³¹¹dlfe¹¹l·
565 4347 613 4420 El
636 4345 699 4418 bas
720 4351 1080 4419 d⁰lt³⁵⁰r¹¹²¹b²¹l¹¹¹⁰·
1129 4383 1207 4428 mus
1223 4358 1309 4426 alias
1328 4367 1456 4426 causas.
1491 4351 1598 4424 Plena
1616 4371 1699 4427 sunt
1719 4354 1872 4431 hnmana
1891 4365 2113 4448 miseriarum

104 4459 222 4544 destia,
255 4473 290 4528 et
310 4457 438 4547 pietate
456 4477 597 4524 morum
614 4451 751 4522 eximia.
804 4448 1081 4520 Gratulabamnr

101 4557 324 4652 Reipublicae
346 4569 380 4627 et
392 4553 588 4636 Ecclesiae,
622 4555 717 4645 quod
736 4552 799 4621 tali
816 4551 1079 4642 ingeniopanlo
1138 4569 1260 4577 “““““

102 4676 174 4750 post
193 4660 374 4732 doctrinae
397 4658 476 4750 piae
497 4669 532 4728 et
552 4654 713 4724 salutaris
730 4653 887 4724 defensio
904 4666 938 4722 et
951 4677 1081 4745 propa·
1165 4701 1192 4773 4)
1211 4701 1299 4786 Manu
1318 4700 1367 4752 ab,
1386 4699 1529 4766 ingenium
1544 4717 1614 4766 W
1629 4701 1918 4754 dehumatorum
1936 4707 1990 4772 aes.
2008 4727 2114 4778 propa.

1551 2991 1561 3021 ,
1590 2937 1703 3028 qualis
1720 2961 1815 3009 anno
1831 2944 2012 3034 superiore
2026 2942 2112 3018 Lu·

106 4860 300 4875 *αι-

1166 4862 1192 4928 5)
1211 4855 1297 4909 Mani.
1317 4847 1415 4906 notum
1429 4871 1478 4923 pro
1493 4861 1559 4905 uota
1573 4861 1598 4906 et
1615 4861 1751 4906 naturam
1763 4872 1813 4924 pro
1828 4857 1967 4912 animam.

134 4995 211 5065 *)Ει
228 4994 329 5066 oppido
349 4993 475 5048 Ueltzeh.
517 4991 577 5046 Vid.
601 4991 634 5045 de
656 5011 688 5045 co
710 4989 787 5062 epist.
805 4991 837 5045 ad
859 4991 957 5104 Bernh.
980 4993 1082 5048 Baum-
1165 4945 1195 5098 ‘ii
1213 4941 1457 5094 &mZZZ-ben

166 5075 251 5135 gatto.
263 5065 289 5116 d.
303 5063 327 5116 5.
344 5063 429 5117 Decb.
443 5062 469 5114 b.
481 5079 505 5116 a.

139 5154 162 5218 l)
178 5150 242 5204 blot.
256 5148 431 5213 Esthmann,
446 5145 532 5222 Mani.
547 5143 701 5198 Cosmann.
955 5179 960 5186 ,
1166 5119 1192 5182 8)
1212 5113 1276 5165 Met.
1296 5111 1428 5176 petenda.

136 5235 162 5302 1)
179 5233 223 5288 Sic
238 5239 298 5283 met.
333 5229 386 5282 Sed
399 5227 485 5282 Manl.
497 5229 640 5293 praetuli,
659 5228 720 5280 aive
732 5229 862 5282 scriberet
875 5231 926 5281 sol.
940 5239 1012 5285 orat.
1025 5231 1083 5284 sive
1104 5271 1107 5337 Ι
1166 5201 1194 5268 9)
1211 5197 1297 5251 M²¹¹l·
1313 5211 1418 5292 veram.

169 5317 277 5356 veram.-
293 5302 334 5351 ita
346 5306 398 5351 etc.
1168 5287 1212 5352 ιο)
1233 5280 1319 5337 Mmp,
1334 5281 1385 5330 m„

138 5385 164 5451 8)
180 5381 266 5438 Manl.
277 5387 461 5448 promoveret.
1104 5341 1108 5425 i
1169 5374 1211 5440 tl)
1228 5367 1294 5424 Mat.
1311 5365 1382 5416 vim.

114 5461 276 5528 llmarrn.
290 5459 393 5530 Ocra.
419 5456 503 5518 Vox.
516 5453 559 5519 V.
1309 5439 1354 5510 16
