4704 5804
203 209 287 306 247,
776 207 1204 288 ue1srouanou
1254 207 1362 280 um.
1392 209 1455 282 uc
1510 207 1637 282 1545.
1826 168 1830 184 ”
2147 203 2226 282 aas

205 395 281 462 tur,
313 383 451 478 inquis,
476 388 589 478 placet
613 402 726 458 tacere
752 403 786 460 ep
807 413 947 460 eausam
971 393 1109 464 tradere
1127 387 1191 456 ad,
1311 373 1526 448 (Postscriptum
1546 373 1610 428 huic
1630 374 1708 446 epist.
1730 375 1773 429 die
1791 393 1848 446 req.
1868 373 2018 432 adiectum,
2035 369 2102 426 mitt
2123 370 2230 428 dacri-

204 486 393 554 versarifs?
443 483 641 560 Mihivem
657 491 821 576 minime,
848 492 1115 582 sedillaplacet
1129 491 1192 558 de·
1301 477 1324 562 ι,
1342 441 1754 516 ptumaClariss.Bilfinger0,
1772 441 2061 512 wurtembergensi.)

79 629 82 634 ·
205 583 337 668 fensl0,
379 609 468 676 quae
500 593 538 654 iu
568 591 770 662 Miloniano
805 592 918 664 Bruto
951 594 1084 684 optima
1116 591 1192 659 visa
1242 556 1468 638 Clarissimo
1496 566 1573 638 viro
1596 557 2234 663 PhilippoMelancltlhoni‚

205 683 313 754 fuisse
338 679 561 775 perhibetur:
600 690 758 764 interfeci
789 697 1036 766 turbulentum
1069 692 1192 776 civem,
1645 662 1832 742 Wllfflb·

205 785 279 854 adii
294 786 416 874 capitis
433 789 630 878 periculum
654 807 727 882 pro}
740 797 943 886 republica,
967 795 1095 866 sustuli
1111 817 1192 862 eum
1242 758 1284 852 S·
1305 782 1351 855 D·
1402 783 1532 858 Adhuc
1555 789 1729 880 quaedam
1755 786 1985 874 significanda
2004 785 2113 855 fuisse
2133 798 2234 876 puto.

205 887 356 955 emedio
371 911 473 972 eum,
501 881 546 962 οὗ
562 886 701 977 ζῶντος
712 892 776 966 καὶ
792 893 874 993 περὶ
884 893 1002 989 χθονὶ
1017 889 1192 992 ὃερκομὲ-
1233 885 1469 975 ·L0ttringum
1496 890 1590 958 inter
1611 885 1795 958 Caesarem
1815 900 1849 957 et
1867 885 2013 956 Gallum
2034 909 2155 976 pacem
2176 887 2234 956 sa-

204 1011 274 1058 νου
301 989 399 1079 quies
421 1013 606 1084 nunquam
627 996 747 1066 futura
767 999 855 1081 fuit,
886 1012 920 1066 et
940 1011 1193 1080 caetera32non
1243 1010 1319 1056 cere
1343 990 1483 1072 conari,
1508 1011 1624 1080 neque
1647 990 1775 1058 malam
1798 1009 1897 1078 spem
1920 987 2132 1080 quibusdam
2147 1009 2233 1070 esse,

205 1090 398 1160 subtilitate
418 1093 667 1182 disputationis
699 1099 743 1165 de
765 1098 801 1166 vi
827 1099 1029 1188 repellenda
1056 1121 1132 1165 rem
1153 1097 1193 1163 in
1241 1089 1336 1174 fore,
1362 1103 1401 1157 ut
1419 1113 1474 1157 res
1490 1091 1667 1178 procedat.
1725 1088 1796 1159 Sed
1810 1087 2029 1180 nescioquid
2048 1087 2145 1155 aliud
2163 1081 2232 1155 ho-

205 1189 447 1278 quaestionem
462 1196 505 1258 de
522 1191 728 1284 quaestione
742 1191 926 1260 adducere.
1077 1199 1098 1274 2
1242 1189 1324 1267 die,
1350 1203 1535 1274 propterea
1557 1191 1653 1280 quod
1677 1183 1754 1258 heri
1775 1189 2107 1280 praetermisissent,
2138 1187 2233 1256 inci-

810 1299 812 1302 ·
1242 1283 1313 1368 dit,
1330 1298 1363 1354 et
1377 1309 1457 1353 mox
1472 1309 1613 1354 rursum
1629 1290 1775 1374 excidit,
1790 1290 1834 1358 de
1849 1314 1920 1382 quo
1934 1289 2038 1357 credo
2061 1310 2175 1380 neque
2190 1300 2234 1358 tu

233 1407 238 1412 ·
308 1383 378 1456 Sed
395 1407 563 1476 quorsum
579 1385 693 1454 abeo?
747 1381 797 1454 Et
815 1397 854 1452 tu
867 1384 1024 1475 profecto
1041 1383 1110 1450 iarn
1126 1385 1194 1452 du·
1241 1407 1356 1478 neque
1391 1407 1454 1474 ego
1495 1409 1708 1477 magnopere
1739 1387 1953 1460 laboramus.
2012 1381 2231 1458 Laterensis

204 1493 289 1562 dum
312 1486 471 1569 miraris,
506 1485 591 1578 quid
617 1481 708 1553 mihi
730 1485 770 1554 in
791 1499 945 1554 mentem
968 1484 1123 1562 venerit,
1159 1495 1193 1551 et
1241 1499 1358 1555 autern
1380 1509 1471 1554 ame
1485 1488 1604 1576 petiit,
1627 1501 1667 1556 ut
1691 1489 1735 1556 de
1751 1488 1898 1556 nomine
1912 1488 2023 1579 ipsius
2047 1490 2092 1558 ad
2117 1481 2231 1582 συζή-

204 1594 292 1688 quid
312 1585 401 1658 mihi
426 1589 552 1670 velim,
584 1601 624 1656 ut
648 1581 716 1656 hoc
739 1589 846 1654 modo
864 1588 912 1654 ad
926 1598 978 1666 te,
1001 1585 1193 1654 etfortasse
1240 1607 1347 1680 τησιν
1370 1589 1413 1656 de
1436 1588 1626 1678 propositis
1650 1611 1765 1680 nuper
1788 1587 2053 1680 quaestionibus
2075 1612 2230 1660 accerse-

179 1759 186 1766 .
203 1715 384 1767 succenses
400 1685 491 1758 mihi
508 1682 785 1781 ἐμπολικομὲνῳ
793 1683 843 1782 (Ρ)
853 1707 921 1756 σοι.
976 1683 1096 1754 Etiam
1119 1686 1193 1776 ipse
1241 1712 1331 1774 rem3
1353 1688 1448 1756 diem
1464 1688 1530 1756 tibi
1547 1702 1587 1758 ut
1601 1711 1736 1775 sumas,
1761 1713 1866 1782 quem
1881 1690 2056 1776 volueris,
2081 1691 2232 1782 permit-

202 1799 335 1879 miror,
361 1807 395 1862 et
409 1817 465 1860 me
481 1793 549 1860 iam
565 1784 800 1880 reprehendo.
858 1787 929 1858 Sed
943 1809 1009 1856 usu
1023 1782 1114 1855 mihi
1132 1811 1193 1855 ve·
1241 1803 1341 1874 tunt,
1366 1789 1428 1857 sed
1451 1803 1593 1878 petunt,
1617 1804 1658 1860 ut
1680 1791 1710 1858 si
1730 1791 1861 1880 possis,
1886 1792 1932 1859 ad
1954 1815 2060 1884 quem
2076 1794 2120 1860 de
2135 1791 2229 1862 affu-

61 1881 65 1888 .
142 1929 165 1956 ··
203 1901 296 1971 nisse
312 1896 415 1966 video
430 1893 524 1986 quod
543 1889 712 1960 iumentis
728 1890 834 1973 solet,
857 1902 899 1958 ut
919 1890 1094 1978 pascendo
1109 1909 1192 1978 per·
1241 1915 1320 1959 rum
1337 1912 1471 1980 speres,
1493 1893 1667 1963 ostendas.
1717 1888 1856 1978 Quodsi
1876 1905 1958 1961 ante
1975 1893 2154 1962 nundinas
2171 1893 2231 1960 ni-

203 1993 303 2093 gant,
333 2019 403 2090 quo
428 1995 573 2062 minime
599 1991 770 2082 oportuit.
820 1986 897 2078 Ego
919 2012 1047 2079 nempe
1070 1989 1190 2057 dulce·
1242 1987 1293 2060 hil
1318 1991 1524 2081 promittere
1547 1993 1639 2062 forte
1660 1992 1810 2082 poteris,
1835 2006 1871 2062 at
1893 1993 2066 2062 nundinis
2080 1993 2167 2085 ipsis
2181 2017 2232 2063 an

92 2125 96 2134 ’
203 2105 287 2173 dine
304 2098 403 2192 quasi
420 2093 675 2165 confabulandi
690 2107 806 2163 tecum
827 2086 942 2159 adhuc
958 2091 1061 2160 etiam
1079 2088 1191 2158 veluti
1242 2091 1416 2161 affuturus
1438 2091 1505 2176 sis,
1531 2094 1657 2161 rescire
1680 2093 1838 2183 cupiunt.
1889 2091 2009 2164 Habes
2024 2096 2230 2166 mandataa

203 2193 461 2291 κατακώχιμος
483 2193 657 2265 hesternis
678 2191 901 2262 sermonibus
922 2191 1085 2283 processi,
1109 2190 1191 2258 lon·
1242 2217 1298 2262 me
1317 2197 1473 2283 exposita
1488 2193 1649 2266 fideliter.
1702 2191 1761 2262 Tu
1776 2207 1894 2264 autem
1911 2219 1994 2264 cave
2011 2196 2056 2264 ad
2073 2219 2231 2266 conveu-

203 2309 291 2398 gius.
343 2292 575 2389 Quarelmihi
590 2295 731 2364 veniam
757 2293 875 2378 dabis,
902 2305 937 2362 et
953 2289 1044 2362 hanc
1060 2291 1190 2381 episto-
1241 2307 1316 2364 tum
1325 2288 1361 2388 ¹¹⁶)
1382 2295 1503 2378 abeas,
1528 2295 1598 2362 nisi
1614 2295 1719 2384 prius
1738 2295 1843 2364 nobis
1866 2295 2069 2375 conventis,
2096 2299 2140 2366 de
2156 2321 2228 2389 quo

202 2410 294 2486 lam,
327 2405 434 2473 sime
459 2421 575 2482 amas,
608 2395 825 2464 conscindes.
875 2393 966 2464 Nam
987 2396 1032 2462 ad
1052 2406 1190 2482 tempus
1241 2395 1307 2464 tibi
1321 2409 1363 2464 ut
1375 2395 1503 2464 sentias
1517 2397 1683 2485 permitto
1708 2397 1839 2470 omnia.
1892 2395 1945 2465 Te
1968 2398 2137 2466 advenire
2157 2393 2229 2468 huc

204 2511 299 2604 quod
316 2504 458 2585 attinet,
479 2495 569 2568 hanc
586 2492 712 2567 boram
729 2510 809 2586 post
824 2519 969 2564 coenam
986 2495 1044 2562 vix
1062 2494 1190 2563 melius
1241 2497 1391 2566 maxime
1410 2497 1553 2581 vellem3
1587 2499 1647 2566 sed
1671 2497 1702 2566 si
1726 2497 1813 2589 quid
1834 2499 2027 2583 obstiterit,
2052 2522 2118 2568 nos
2133 2499 2180 2567 ad
2192 2512 2228 2569 te

203 2612 374 2682 collocare
399 2603 607 2695 potuissem,
641 2597 847 2696 praesertim
870 2621 951 2666 cum
983 2595 1190 2681 statuissem,
1241 2597 1342 2670 istuc.
1391 2593 1565 2686 Contagia
1584 2593 1641 2667 hic
1664 2612 1811 2688 serpunt
1833 2599 1982 2683 lentius;
2009 2600 2048 2667 in
2071 2623 2148 2670 mea
2163 2623 2228 2690 pa-

201 2712 279 2784 Deo
302 2711 439 2778 favente
449 2701 641 2788 ‚tdormire
666 2701 706 2768 in
732 2701 847 2768 lucem
872 2719 994 2789 usque.
1052 2695 1123 2768 Sed
1145 2721 1190 2766 ne
1239 2699 1308 2768 tria
1344 2700 1602 2791 propemodum
1641 2713 1856 2788 grassantur.
1914 2696 2110 2771 Amisimus
2144 2696 2227 2769 Λη-

201 2814 324 2886 finiam
346 2803 512 2878 hocloco
537 2801 741 2896 epistolam,
763 2800 863 2884 facit,
889 2801 985 2892 quod
1008 2794 1097 2867 mihi
1119 2799 1188 2866 iam
1242 2793 1366 2868 dream
1390 2792 1615 2884 Fonteium,
1646 2814 1835 2891 patronum
1858 2815 2020 2872 nostrum
2044 2803 2160 2871 solum
2187 2803 2227 2870 in

202 2919 242 2986 in
257 2924 409 2982 mentem
423 2919 560 2998 praeter
573 2903 728 2993 exposita
743 2901 890 2972 veniunt
905 2903 948 2970 de
967 2901 1188 2970 sermonibus
1239 2901 1301 2972 illo
1323 2903 1459 2974 ordine.
1509 2899 1572 2970 Dii
1593 2915 1676 2971 sunt
1700 2901 1901 2972 cornicibus
1922 2904 2135 2988 vivaciores,
2161 2901 2228 2985 οὓς

201 3012 369 3112 praefecti
391 3011 481 3093 duo,
513 3004 737 3076 admirabilia
768 3005 884 3076 ambo.
935 2999 1025 3072 Nam
1047 3000 1188 3073 Caesari
1237 2999 1290 3095 μὴ
1313 2999 1381 3096 ζῇν
1402 2997 1493 3087 ἔδει,
1536 2995 1575 3072 ut
1604 3004 1750 3072 fortasse
1783 3003 1892 3088 alios,
1926 3006 2228 3098 quemadmodum

202 3143 283 3192 cum
318 3115 499 3186 videretur
533 3131 589 3176 res
622 3105 662 3176 ἐν
680 3108 818 3199 χειρῶν
838 3095 944 3198 νόμῳ
966 3129 1048 3173 mox
1069 3105 1187 3174 futura
1238 3105 1299 3174 ille
1313 3106 1352 3173 in
1367 3103 1503 3172 Lemno
1522 3101 1631 3174 iratus
1646 3103 1797 3188 dixerit3.
1817 3108 1877 3174 sed
1891 3106 2032 3174 tabifico
2049 3105 2112 3174 illo
2128 3130 2225 3176 mor-

202 3243 293 3304 esse,
318 3215 419 3284 iussit
436 3215 479 3280 de
494 3207 648 3279 exercitu
663 3231 785 3276 omues
797 3208 992 3276 sacerdotes
1009 3220 1043 3276 et
1058 3201 1186 3277 horum
1239 3207 1303 3289 bo,
1328 3229 1403 3274 non
1419 3208 1574 3298 λοιμικῴ
1587 3206 1712 3296 periit,
1748 3228 1853 3297 quem
1867 3229 1967 3276 meus
1989 3207 2098 3277 frater
2112 3229 2226 3298 saepe,

201 3321 407 3394 comitatum
431 3313 626 3394 discedere,
660 3308 808 3395 allegato
835 3307 940 3376 etiam
961 3301 1184 3378 Atrebatensi
1237 3319 1278 3376 ut
1293 3307 1464 3389 arbitror,
1489 3307 1653 3399 requiret.
1707 3304 1793 3375 Vale
1810 3330 1889 3375 cum
1899 3305 1999 3392 Tuis,
2018 3307 2069 3374 mi
2084 3309 2224 3379 suavis-

199 3420 361 3518 praesule
375 3407 578 3486 Granvela.
628 3405 678 3478 Et
693 3431 772 3476 cum
789 3408 821 3476 ei
839 3408 992 3478 adstanti
1007 3409 1052 3477 ad
1065 3409 1184 3479 forum
1236 3408 1322 3476 sime
1338 3402 1514 3500 Philippo.
1556 3405 1599 3482 V.
1614 3405 1665 3481 ld.
1685 3403 1903 3483 Decembris.

200 3527 346 3598 allatum
372 3517 493 3587 fuisset
516 3505 705 3611 γενέσεως,
739 3532 797 3578 seu
831 3510 923 3578 forte
952 3533 1017 3579 ενα
1039 3505 1183 3608 αγης*)
1936 3501 2165 3586 Inachimus.

200 3623 321 3720 θέμα,
356 3617 569 3706 nescioquo
595 3625 753 3695 auctore,
778 3611 876 3680 lectis
899 3611 1064 3680 omnibus
1087 3635 1183 3681 com·
1545 3673 1554 3680 ,

199 3730 348 3824 plicatas
370 3715 507 3790 chartas
524 3713 651 3782 abiecit
673 3713 711 3780 in
729 3712 846 3799 ignem
863 3726 896 3783 et
913 3710 1019 3781 dixit:
1045 3717 1182 3783 πολιτι-
1238 3751 2228 3769 mmm-„-

199 3827 269 3912 κὰς
289 3842 323 3897 et
344 3827 409 3915 τῆς
425 3809 638 3917 φρονήσεως
651 3805 864 3909 προρῥήσεις
883 3837 919 3882 se
931 3814 1099 3904 reperisse
1121 3839 1181 3884 ve-

199 3935 321 4005 riores.
372 3923 450 3996 Hoc
467 3921 532 3992 etsi
547 3911 635 3987 mihi
653 3917 913 4011 φιλοπολιτικῷ
927 3939 966 3984 ac
986 3939 1060 3984 non
1078 3941 1181 4008 pror·
1231 3900 1297 3971 No·
1313 3901 1426 3973 Ξ319·
1747 3997 1749 4007 y
2077 3919 2110 3980 9.
2126 3908 2200 3974 Deo.

200 4059 258 4106 sus
280 4031 418 4127 ἄφρονι
442 4025 649 4117 neutiquam
672 4016 848 4108 displicet,
871 4030 989 4088 tamen
1012 4043 1091 4098 curn
1106 4017 1181 4090 Ra·
1238 3995 1410 4026 ’Ν

162 4202 167 4211 ,
198 4132 397 4208 tisbonensi
418 4117 604 4218 disciplina
628 4119 817 4194 convenire
840 4141 915 4187 nou
930 4119 1088 4202 videtur,
1110 4119 1180 4187 nisi
1315 4197 1318 4204 ι
1563 4077 1617 4169 V·
1652 4082 1888 4168 Theodoro.

199 4231 268 4311 τὸν
282 4222 539 4324 αὐτοκράτορα
556 4217 715 4312 magisad
732 4213 920 4298 αὐτοτελὲς
935 4215 1044 4313 μέρος
1059 4220 1098 4288 in
1112 4214 1181 4288 hoc
1301 4257 1387 4329 Epist.
1404 4259 1450 4315 tib.
1463 4257 1512 4317 lv·
1528 4279 1556 4333 P·
1572 4261 1621 4315 181
1639 4280 1698 4334 sqq.

103 4321 109 4332 ’
199 4338 360 4411 delectat.
411 4329 479 4400 Sed
503 4327 638 4396 desino.
689 4322 768 4409 Tu,
800 4322 850 4392 mi
872 4321 1075 4390 suavissime
1094 4316 1181 4389 Phi·
1528 4377 1642 4455 Vno
1666 4376 1913 4455 Theodoro

199 4442 314 4532 lippe,
340 4456 420 4503 cum
438 4425 510 4499 iuis
534 4425 733 4496 felicissime
753 4425 841 4495 vale.
891 4418 940 4494 Et
961 4413 1181 4492 Milichium
1389 4512 1398 4530 .
1508 4513 1517 4529 ⁶

200 4537 343 4612 anobis
371 4533 493 4604 saluta.
551 4523 671 4598 Etiam
701 4520 884 4604 Eberum,
921 4547 1025 4616 quem
1049 4537 1181 4612 patrem
1233 4490 1289 4581 Ut
1304 4509 1438 4596 Macra,
1459 4508 1655 4594 Ehsabetb,
1681 4512 1824 4600 Henna,
1847 4512 2053 4601 Zacharias,
2080 4515 2225 4613 loseph,

201 4646 330 4714 itemm
347 4637 417 4704 iam
435 4655 507 4702 esse
522 4653 622 4724 spero
642 4639 676 4696 et
692 4641 786 4721 opto.
829 4623 962 4698 lterum
979 4625 1067 4699 vale.
1117 4622 1182 4696 Vl.
1233 4610 1380 4683 Simeon
1393 4625 1426 4682 et
1441 4613 1508 4682 alia
1523 4610 1855 4701 Ecclesiaelumina,
1880 4641 1922 4686 eo
1937 4631 2094 4710 tempore
2110 4622 2149 4691 in
2165 4647 2227 4713 ge-

1044 4759 1046 4764 ·
1234 4713 1292 4783 nis
1325 4714 1471 4784 infantis
1500 4709 1636 4784 Christi
1664 4715 1868 4786 dulcissima
1894 4719 2029 4789 basiola
2061 4721 2226 4812 figebant,

1234 4815 1473 4907 ardebantque
1505 4815 1588 4884 totis
1624 4818 1825 4907 pectoribus
1859 4821 1977 4890 studio
2019 4823 2226 4894 celebrandi

902 4885 1031 4964 10007’·
1234 4915 1404 4986 beneficia
1427 4913 1516 5000 Dei,
1541 4930 1575 4986 et
1597 4910 1666 4986 hoc
1685 4920 1932 5004 admirandum
1957 4923 2100 5010 foedus,
2126 4929 2225 5018 quod

1234 5013 1419 5085 secitDeus
1434 5041 1514 5086 cum
1530 5011 1684 5119 humana
1701 5031 1827 5090 natura
1843 5020 1949 5091 misso
1963 5023 2055 5094 lilio:
2083 5023 2144 5096 Sic
2158 5051 2225 5100 nos

234 5213 262 5276 'l
281 5209 327 5266 Sic
344 5203 477 5278 scriptum
494 5210 549 5268 est,
568 5197 613 5253 sed
633 5193 776 5256 mendose3
812 5191 925 5246 fortasse
943 5184 1101 5262 luniiayric.
1235 5215 1441 5228 ...m-..-

1271 5327 1303 5399 *2
1322 5331 1486 5411 Spirensam.
