4722 5808
105 294 184 368 ass
687 289 1126 370 setsuonaouu
1175 289 1288 370 mn.
1318 289 1384 372 tx,
1437 287 1572 372 1sts.
2074 291 2151 368 aso
2239 399 2240 407 Ν

104 463 319 540 christianae
339 480 498 556 nostrae,
523 491 605 538 cum
628 461 688 538 hic
711 482 818 552 esset,
835 466 1101 551 coniunxisset,
1152 464 1284 558 quibus
1299 477 1334 535 et
1350 465 1394 534 de
1407 463 1544 534 incuria
1562 459 1795 558 typographi,
1820 463 1915 534 etde
1936 459 2069 534 iactur'a
2081 473 2145 536 tua

103 593 146 640 ac
163 563 338 661 paschatis
362 583 519 660 tempore
540 571 585 639 ad
599 571 715 640 vicina
729 570 940 640 monasteria
956 591 1101 638 sumen·
1151 567 1418 651 continebatur,
1440 567 1695 636 intelleximus:
1721 591 1785 636 nec
1799 565 1924 634 leviter
1939 567 1984 634 de
1999 567 2066 636 isto
2081 581 2146 638 tuo

102 672 170 740 dae
191 665 422 740 eucharistiae
445 695 548 741 causa
571 696 652 741 cum
674 695 803 760 magno
824 671 1100 740 omniumscan-
1151 667 1263 752 malo,
1296 669 1487 758 tangimur.
1543 665 1799 738 Existimamus
1829 681 1948 737 autem
1976 691 2052 736 non
2084 668 2145 738 in-
2197 745 2199 752 ,

102 773 187 842 dalo
206 771 428 860 emigrasset,
446 797 512 842 nec
528 773 568 840 in
583 774 746 842 extremis
764 773 954 866 quicquam
971 773 1015 842 de
1031 773 1099 840 im·-
1150 771 1373 840 commodam
1395 792 1468 839 esse
1489 771 1663 839 rationem
1680 769 1890 839 sublevandi
1908 768 2031 838 damni
2049 768 2080 838 si
2098 771 2145 840 ad

100 874 232 965 pietate
253 889 426 958 mutaret,
452 875 560 944 funus
590 872 819 969 magnifice⁵)
849 899 868 942 a
898 886 1000 962 gente
1025 873 1100 942 eins
1150 885 1345 961 suspectam
1368 871 1466 940 illam
1491 872 1690 941 cautionem
1715 873 1758 940 de
1775 869 1977 940 visitatione
1995 869 2144 951 Mariae,

101 999 165 1044 seu
180 975 315 1044 familia
332 989 539 1068 apparatum
558 990 627 1061 est3
642 979 703 1045 sed
718 989 860 1046 senatus
876 975 967 1046 serio
980 975 1121 1058 edixit·
1150 986 1209 1040 tua
1239 995 1349 1042 manu
1378 973 1524 1043 lectores
1553 985 1691 1042 tantum
1717 975 2012 1056 admonerentur,
2046 973 2144 1064 quod

99 1089 142 1146 ut
158 1076 235 1145 sine
254 1101 382 1168 pompa
398 1077 517 1162 omni,
538 1078 615 1146 sine
637 1073 872 1162 scholasticis,
897 1078 973 1146 sine
990 1076 1100 1144 mini·
1149 1073 1211 1142 illa
1231 1085 1265 1142 te
1288 1075 1406 1143 nescio
1428 1098 1448 1143 a
1474 1069 1694 1167 typographo
1719 1075 1766 1144 sit
1784 1075 1931 1142 inserta:
1957 1074 2037 1142 ideo
2052 1073 2144 1144 libe-

101 1178 305 1264 stris,·sine
327 1179 501 1262 candelis,
527 1203 617 1271 quae
639 1193 721 1248 ante
747 1181 849 1248 aedes
872 1179 986 1248 solent
999 1178 1099 1269 poni,
1149 1199 1229 1244 rum
1254 1175 1326 1243 illis
1348 1177 1392 1245 de
1414 1177 1565 1246 lectione
1585 1177 1688 1246 istius
1703 1171 1827 1270 hymni
1843 1173 2015 1244 iudicium
2030 1175 2143 1244 relin-

101 1292 185 1348 ante
210 1279 402 1370 prandium
423 1280 627 1364 efferretur,
654 1294 716 1350 aut
742 1281 924 1364 futurum,
956 1293 998 1350 ut
1019 1303 1099 1348 cum
1150 1275 1223 1370 qui.
1274 1275 1333 1347 Sic
1356 1277 1452 1346 enim
1473 1280 1548 1347 sore
1570 1300 1768 1368 speramus,
1793 1290 1833 1346 ut
1848 1278 1944 1370 quod
1959 1275 2143 1345 residuum

100 1381 299 1470 ignominia
314 1394 409 1450 extra
428 1381 622 1452 coemiterii
638 1382 788 1473 parietes
801 1381 1001 1473 sepeliatur.
1027 1378 1100 1450 Nec
1150 1390 1202 1447 est
1223 1379 1494 1469 exemplarium,
1528 1378 1666 1448 facilius
1690 1381 1907 1450 extrudatur.
1966 1374 2075 1465 Quod
2096 1377 2143 1446 ad

100 1481 209 1551 veriti
223 1495 307 1551 sunt
322 1483 414 1570 regis
429 1483 684 1572 praesentiam,
709 1483 772 1575 qui
794 1496 828 1553 et
841 1495 946 1553 norat
966 1505 1098 1562 senem,
1150 1501 1215 1549 nos
1239 1480 1383 1565 attinet,
1409 1501 1595 1571 possumus
1617 1482 1709 1550 serre
1727 1494 1767 1550 ut
1787 1474 1913 1569 viginti
1930 1479 2143 1570 exemplaria

100 1598 137 1652 et
166 1583 406 1652 iuramentum
436 1585 543 1653 abeo
566 1597 649 1656 ante
678 1585 892 1670 triennium,
927 1609 1008 1654 cum
1035 1606 1099 1674 pe·
1147 1604 1212 1672 per
1226 1582 1445 1652 occasionem
1462 1583 1508 1652 ad
1532 1605 1598 1651 nos
1616 1583 1814 1655 mittantur.
1852 1578 2143 1672 Recipimpsnos

100 1687 164 1754 des
190 1685 340 1770 lavaret,
366 1699 561 1776 acceperat,
594 1709 640 1754 ne
663 1686 858 1756 discederet
879 1709 899 1755 a
924 1686 1098 1774 religione
1148 1704 1291 1772 operam
1314 1684 1478 1768 daturos,
1510 1697 1676 1776 utquam
1706 1685 1891 1753 commode
1912 1694 2080 1772 poterunt
2102 1682 2142 1750 in
2222 1703 2225 1709 ·

100 1809 224 1878 papae.
905 1803 913 1810 ·
1149 1796 1268 1852 nostra
1304 1785 1457 1854 dioecesi
1489 1781 1672 1874 parrochis
1702 1786 1845 1854 vendita
1879 1784 2144 1874 dispertiantur.

201 1885 393 1979 Postquam
419 1887 528 1975 igitur
552 1887 737 1957 idolatriae
758 1899 929 1978 patronus
943 1888 1097 1978 ignomi-
1147 1883 1234 1954 Fuit
1247 1899 1427 1976 praeterea
1441 1887 1535 1978 apud
1555 1909 1621 1955 nos
1636 1884 1770 1956 Doctor
1786 1881 1983 1954 Martinus
1995 1877 2143 1954 Lathr-

99 1988 199 2056 niose
224 1987 382 2079 sepultus
404 2003 473 2076 est,
506 1989 666 2058 redditus
699 2003 750 2059 est
779 1991 910 2058 nostris
940 1987 1097 2060 ecclesiis
1149 2009 1231 2067 rus,
1257 2011 1369 2081 aquo
1393 2011 1490 2058 sacro
1510 1988 1746 2058 ordinationis
1760 1987 1928 2081 mysterio
1946 2009 2009 2076 per
2025 1986 2142 2074 impo-
2268 2019 2271 2028 ·

98 2089 241 2180 pietatis
264 2103 458 2179 patronus,
482 2087 746 2184 Hieronymus.
799 2088 907 2179 Quod
930 2093 974 2160 ad
997 2091 1095 2160 vale·
1148 2087 1312 2158 sitionem
1330 2113 1500 2158 manuum
1515 2089 1647 2159 initiati
1662 2112 1796 2162 sumus.
1832 2079 2146 2184 lsfecittuaehu7

98 2191 262 2260 tudinem
282 2191 426 2274 attinet,
451 2191 522 2260 riisi
544 2192 651 2268 facies
668 2193 822 2262 colorata
846 2217 887 2260 ex
908 2191 1096 2261 itineribus
1147 2191 1328 2268 manitatis
1344 2185 1577 2260 honorificam
1594 2191 1821 2260 mentionem.
1874 2187 1969 2258 Illud
1982 2200 2023 2258 ut
2036 2187 2147 2258 nobis'

98 2305 210 2376 esset,
236 2315 311 2360 non
338 2293 489 2361 multum
518 2307 674 2363 mutatus
695 2295 740 2362 ab
763 2317 804 2361 eo
826 2306 895 2378 est,
927 2294 990 2385 qui
1016 2293 1095 2366 luit.
1146 2292 1299 2382 placuit,
1325 2291 1373 2362 ita
1389 2293 1600 2382 pollicemur
1616 2289 1659 2364 T.
1675 2289 1722 2361 H.
1744 2315 1817 2359 non
1833 2289 1949 2360 solum
1966 2283 2053 2372 hoc,
2079 2290 2141 2358 sed

95 2391 239 2483 Corpus
262 2407 381 2462 tamen
405 2407 626 2464 attenuatum
650 2389 821 2466 nonnihil
845 2407 915 2479 est,
944 2406 978 2463 et
1000 2419 1094 2463 novo
1147 2392 1252 2474 etiam
1267 2393 1337 2462 alio
1352 2393 1460 2462 officii
1476 2417 1602 2482 genere
1620 2393 1809 2481 benignam
1822 2407 1855 2462 et
1870 2391 2061 2482 gratiosam
2074 2415 2141 2460 vo-

98 2495 215 2584 coepit
237 2493 397 2564 infestari
421 2495 546 2564 morbo
574 2497 614 2564 in
646 2498 734 2586 pede
757 2493 881 2592 (quem
909 2519 1094 2588 nunquam
1146 2494 1356 2567 luntatem..
1397 2491 1545 2564 Interim
1569 2497 1860 2564 commendamus
1883 2507 2004 2562 nostra
2028 2513 2141 2582 nego·

97 2592 233 2694 sensit)
257 2592 488 2688 Erysipelate.
549 2595 620 2666 Sed
642 2611 784 2667 curatus
807 2597 922 2666 facilis
954 2611 1022 2681 est,
1053 2621 1094 2666 ac
1146 2595 1217 2678 cia,
1245 2617 1334 2687 quae
1362 2619 1428 2688 pro
1443 2591 1622 2665 Ecclesiae
1650 2595 1893 2667 incolumitate
1913 2593 2141 2684 suscepimus,

96 2711 138 2766 ut
160 2710 247 2788 puto
271 2693 458 2767 hilariores
482 2695 593 2766 animi
615 2712 733 2768 motus
753 2695 824 2794 (est
844 2699 939 2768 enim
962 2696 1094 2794 alacer)
1144 2697 1270 2765 vestris
1286 2697 1353 2786 piis
1369 2697 1545 2787 precibus.
1595 2693 1692 2766 Bene
1709 2699 1825 2768 valeat
1849 2711 1910 2767 tua
1926 2691 2140 2782 humanitas.

97 2797 247 2866 afferent
263 2797 477 2868 levationem
493 2793 749 2870 melancholico
766 2800 872 2869 malo.
1143 2794 1254 2868 Datae
1273 2795 1495 2890 Mersburgi,
1520 2793 1691 2870 sabbatho
1707 2813 1788 2892 post
1801 2797 1912 2885 sini,
1933 2791 2043 2868 Anno
2060 2793 2123 2872 45.

201 2897 255 2967 Te
279 2923 362 2979 oro,
388 2900 438 2970 mi
457 2895 641 2992 Philippe,
667 2901 698 2968 si
715 2903 837 2970 advos
859 2900 1092 2992 expatiabere,
2051 2903 2055 2912 ⁴

97 3001 142 3068 ad
158 3022 215 3068 me
231 3012 271 3068 ut
286 3001 450 3074 divertas.
500 2997 624 3094 Equos
647 2995 857 3072 habebimus
879 3002 1012 3094 optimo
1035 3001 1092 3070 lo·

97 3125 156 3181 co,
188 3114 223 3170 et
244 3113 284 3170 tu
308 3104 403 3191 apud
427 3125 483 3170 me
511 3127 671 3195 quoque,
703 3117 744 3172 ut
766 3127 885 3190 spero,
908 3103 1091 3172 commode

96 3202 177 3273 eris.
228 3199 325 3270 Bene
341 3204 378 3270 in
394 3203 540 3272 domino
557 3205 702 3288 vale,et
716 3196 948 3286 D.Lulharo,
963 3195 1091 3278 D.Po-
1141 3185 1208 3262 ΝΟ·
1228 3185 1344 3266 8247·
1825 3269 1828 3280 ,
1971 3192 2126 3276 10·Ᾱ“8·

95 3325 267 3382 morano,
294 3303 339 3376 D.
357 3291 572 3396 Crucigero,
592 3302 638 3374 D.
653 3301 805 3374 Maiori
824 3307 973 3376 salutem
993 3305 1091 3375 dicas
1142 3285 1315 3312 Μ
1957 3281 2130 3314 Μ

77 3428 176 3472 ·1neo
200 3403 345 3472 nomine
366 3419 579 3480 reverenter.
631 3404 713 3476 Scio
736 3407 851 3492 enim,
876 3407 974 3499 qnod
993 3400 1091 3492 haec,
1483 3391 1538 3480 V.
1574 3391 1808 3478 Theodoro.

95 3529 187 3598 quae
203 3505 413 3594 significavi,
434 3532 515 3578 cum
530 3499 623 3600 eis⁸)
640 3507 929 3581 communicabis.
978 3503 1090 3576 Datae
1207 3552 1293 3625 Epist.
1309 3549 1357 3609 tib.
1371 3551 1421 3607 Vl·

94 3605 313 3695 Noribergae
333 3603 369 3680 5.
392 3610 451 3678 die
472 3605 624 3700 Augusti
647 3633 742 3678 anno
770 3603 880 3684 1545.
942 3606 1090 3680 Utinam
1242 3553 1533 3694 aaut.p.otl.⁶⁴89'
1562 3577 1599 3592 ⁸
1650 3551 1703 3609 mc
1721 3569 1751 3605 ῃ
1770 3547 1939 3622 ⁸⁰¹⁰tf²t>¹¹⁰
1957 3548 2136 3606 imm*

94 3707 227 3801 aliquis
244 3731 283 3776 ex
300 3711 424 3780 vestris
438 3707 596 3805 poe'tis’)
616 3723 720 3780 ornet
735 3711 892 3782 carmine
906 3709 1088 3780 liberatio-

94 3833 178 3878 nem
195 3809 309 3880 sancti
322 3809 403 3886 viri.
823 3809 930 3884 Virus
948 3825 1040 3888 tuus.

1138 3769 1193 3852 D.
1214 3767 1331 3851 Vita
1345 3767 1613 3858 Theodoro,
1640 3771 1784 3846 docenti
1796 3769 1980 3870 Evangel.
2004 3771 2044 3843 in
2057 3765 2136 3840 Eo-

1431 3874 1544 3949 etesia
1567 3873 1844 3976 Noriblergensi.

1138 4005 1183 4096 S.
1208 4023 1254 4096 D.
1305 4021 1451 4098 Utinam
1466 4027 1627 4098 redditus
1647 4027 1694 4098 sit
1709 4027 1779 4096 iam
1793 4022 2044 4120 Ht'eronymus
2066 4017 2135 4094 ho-

1139 4127 1358 4198 nestissimae
1377 4129 1520 4220 coniugi
1536 4152 1636 4214 suae,
1662 4129 1877 4199 dulcissimis
1899 4129 2040 4212 liberis,
2062 4121 2135 4196 Ec-

94 4179 298 4308 Q'
913 4186 1085 4310 Q
1140 4229 1264 4300 clesiae
1287 4227 1355 4298 Dei
1379 4233 1474 4324 apud
1494 4253 1575 4316 vos,
1601 4231 1729 4300 studiis
1751 4230 1952 4315 literarum,
1978 4227 2133 4320 denique

98 4376 136 4465 G
251 4387 260 4403 .
894 4339 928 4354 ·“
994 4392 1002 4410 ,
1140 4331 1206 4401 ιοιί
1228 4332 1381 4422 reipubl.
1446 4331 1569 4426 Teque
1592 4355 1806 4423 magnopere
1836 4356 1918 4416 oro,
1953 4345 1995 4402 ut
2024 4353 2133 4424 quam

138 4409 313 4494 ⁰⁰⁷'glu3
346 4380 534 4470 Anhalt·
573 4383 636 4470 ad
671 4381 1088 4501 spangenbergmm·
1138 4434 1296 4523 primum
1326 4434 1430 4505 nobis
1453 4427 1520 4504 hac
1542 4434 1587 4503 de
1614 4457 1653 4504 re
1684 4435 1857 4525 significes
1883 4433 2004 4504 omnia
2032 4421 2132 4512 ἀξιό-

196 4543 295 4599 Manlii
313 4543 415 4618 farrag.
434 4565 462 4618 p.
475 4544 528 4602 tlt
545 4567 585 4622 aq.
1138 4539 1243 4634 λογα.

240 4695 248 4716 .
471 4626 488 4716 s
1017 4707 1025 4730 ,
1241 4634 1348 4706 Mitto
1372 4635 1438 4707 tibi
1460 4635 1711 4728 Witebergam
1736 4643 1915 4722 nostram,
1945 4657 2052 4729 quam
2073 4634 2132 4727 pi-

105 4691 290 4798 G⁶⁰V8¹¹¹⁸
313 4693 547 4820 Anhalfmfls
571 4697 635 4778 1⁰·
663 4701 1073 4806 Spanb'fflb‘rd'ws
1138 4750 1215 4806 ctor
1237 4731 1531 4834 Sebastianus')
1561 4740 1684 4810 edidit.
1743 4737 1846 4809 Nosti
1869 4759 1960 4832 quae
1990 4737 2061 4806 iam
2084 4735 2131 4808 sit

295 4793 447 4873 P⁰⁸²⁰r¹
470 4799 721 4877 N⁰nhu⁸⁰n⁰
764 4805 805 4879 S·
828 4805 884 4881 D·
1136 4843 1202 4932 τῆς
1215 4845 1403 4937 γραφικῆς
1424 4843 1579 4915 fortuna.
1630 4839 1715 4912 ldeo
1739 4839 1873 4912 imitari
1888 4851 2021 4910 vestros
2036 4833 2129 4907 hanc

92 4905 262 5002 Gratiam
279 4947 313 5004 et
328 4959 450 5028 pacem
466 4933 579 5006 aDeo
594 4951 715 5028 patre,
741 4952 775 5010 et
790 4936 948 5012 Domino
958 4957 1087 5020 ,nostro
1137 4941 1311 5032 picturam
1340 4943 1470 5030 nollet,
1501 4957 1541 5014 ut
1573 4965 1637 5012 sua
1669 4944 1827 5034 exempla
1848 4941 1984 5012 maiore
2012 4938 2127 5030 pretio

92 5027 173 5103 lesu
195 5029 358 5122 Christo,
388 5035 518 5112 Amen.
577 5038 716 5142 Literas
738 5035 970 5116 humanitatis
992 5057 1086 5128 tuae,
1136 5045 1290 5112 vendere
1306 5059 1433 5136 posset.
1483 5040 1536 5114 Ea
1550 5044 1589 5113 in
1607 5069 1644 5113 re
1661 5045 1692 5113 si
1707 5046 1791 5140 quid
1813 5043 1945 5135 poteris
1959 5041 2053 5133 apud
2071 5063 2130 5110 ar-

92 5193 300 5212 ......-.,
1135 5143 1265 5231 tilices,
1291 5147 1404 5236 agito,
1438 5169 1485 5218 ne
1514 5145 1712 5221 imitentur.
1769 5141 1939 5215 Arbitror
1959 5159 2034 5212 rem
2052 5162 2128 5212 non

125 5283 153 5352 ⁵)
171 5281 240 5341 cod.
256 5283 321 5341 Bar.
334 5285 561 5355 magnificenter.

123 5367 152 5435 6)
172 5367 242 5422 cod.
251 5367 333 5422 Goth.
347 5369 408 5422 401.
428 5386 471 5423 eo·

123 5449 153 5522 7)
169 5447 239 5507 0⁶⁸¹·
256 5449 340 5507 Gfflh·
354 5451 419 5508 4⁰¹·
434 5459 535 5522 Ρῡὲῑῦ·
1170 5463 1202 5537 *l
1221 5467 1328 5527 Setaea.
1342 5468 1460 5529 Caesari
1479 5471 1544 5528 Vid.
1555 5491 1597 5547 ep.
1609 5475 1643 5530 ad
1656 5471 1800 5547 llelingum
1815 5475 1844 5548 d,
1856 5475 1882 5532 5.
1897 5474 1966 5546 Αρι.
1983 5471 2052 5530 15ss

1145 5348 1356 5364 Ἣ
