4704 5804
42 5575 51 5761 l

75 223 148 298 sss
650 217 1100 300 sersroesnou·
1134 205 1245 298 aab·
1274 207 1338 300 tx.
1392 204 1522 300 esest
2026 195 2103 296 las

73 395 224 466 adducta
257 407 327 481 est,
364 393 751 496 cogitarenttntriqne,
790 407 866 466 tam
893 395 1064 481 doctores,
1111 371 1370 489 illacrymaret..
1405 355 1497 466 Nisi
1514 369 1555 467 'et
1578 403 1649 468 tuo·
1663 415 1821 466 moerore
1835 369 2103 486 adiciebanhtr',

73 519 175 590 qssam
189 493 385 589 Principes.
435 495 509 568 Sed
522 509 602 566 cum
618 497 774 588 pericula
791 500 970 594 cumulata
982 499 1064 583 sint,
1111 509 1148 567 et
1170 495 1402 566 adolescentis
1417 497 1649 567 'lnim'albrim
1664 492 1830 568 mortem
1854 493 2104 592 ,deplorabantl

72 620 111 668 ex
125 609 361 692 utrorumque
374 596 499 666 erratis
512 615 689 666 annorum
705 599 944 688 superiorum,
967 619 1063 670 nune
1111 597 1223 690 etqui
1240 623 1322 667 eum
1335 598 1548 686 familiarius
1564 613 1736 670 noverant
1758 595 1973 690 reipublicae
1990 593 2105 670 neto:

70 697 171 768 video
200 697 342 770 nullum
371 721 446 768 esse
473 699 674 773 consilium.
734 696 830 784 lmn,
865 701 973 769 utin
1003 721 1063 768 ex·
1111 715 1186 766 rans
1211 699 1398 768 deflebant.
1455 698 1546 769 Nam
1571 693 1638 770 hoc
1666 699 1848 792 ingenium
1869 720 1999 790 magno
2022 697 2103 772 usui

69 813 178 872 neena
204 799 470 890 desperatione,
510 794 785 874 deliberationes
806 801 911 892 etiam
942 799 1063 867 nullae
1111 811 1215 892 atque
1231 808 1441 872 ornamento
1467 801 1632 872 ecclesiae
1646 803 1807 874 futurum
1827 817 2102 894 speraverimus.

69 893 257 972 habentur.
306 896 380 968 Nos
399 899 509 990 igitur
525 899 650 968 ducem
668 913 702 969 et
717 901 931 968 monitorem
945 895 1062 970 Deum
1111 896 1215 968 Meus
1236 925 1320 970 vero
1340 902 1445 972 dolor
1468 903 1510 970 eo
1527 917 1578 976 est
1597 901 1731 987 acrior,
1756 903 1840 997 quia
1856 899 1946 974 mihi
1959 900 2102 974 Samuel

69 1021 273 1094 sequemur,
304 998 335 1066 si
352 1025 442 1092 quae
459 1013 563 1068 emnt
578 1000 617 1068 in
634 1013 810 1070 conventu
824 1001 869 1070 de
884 994 940 1068 his
956 1002 1063 1070 rebus
1110 999 1175 1068 lilii
1191 1001 1270 1070 loco
1286 1015 1381 1088 erat,
1404 1025 1461 1071 me
1478 1005 1633 1089 colebat,
1658 1029 1735 1074 mea
1748 1005 1865 1074 studia
1879 1004 2104 1096 sequebatur,

69 1101 231 1170 omnium
245 1099 409 1169 maximis
424 1097 708 1174 deliberationes.
758 1099 841 1170 Non
861 1101 972 1172 multa
993 1101 1062 1170 im·
1110 1122 1244 1196 egoque
1266 1125 1385 1192 saepe,
1410 1127 1490 1172 eum
1509 1105 1823 1186 intuma-magns
1848 1103 1979 1200 laetitia
2000 1103 2103 1258 aad&

69 1201 249 1272 moderate
263 1199 348 1284 ieci,
382 1215 443 1272 aut
463 1201 493 1269 si
513 1201 601 1294 ‚quid
623 1200 707 1286 leci,
732 1223 916 1272 amenon
934 1217 1062 1272 essor-
1108 1215 1297 1274 crossum,
1324 1219 1486 1282 samm,
1510 1194 1594 1262 2³¹3ss
1608 1193 1728 1286 ³¹51}ssss
1741 1195 1917 1282 ingenia,
1929 1186 2024 1260 ⁰43²

70 1317 157 1386 tum,
187 1313 285 1370 certe
297 1323 435 1392 semper
449 1301 502 1372 lui
518 1301 649 1372 nostris
666 1297 845 1377 hortator,
873 1307 934 1380 ut,
964 1295 1059 1388 quod
1108 1288 1204 1364 hunc
1228 1292 1448 1373 Samuelem,
1474 1293 1823 1382 divinitus=servari,
1848 1315 1894 1364 ne
1920 1292 1965 1362 ad
1983 1303 2100 1384 poste-

69 1401 232 1474 videbam
252 1401 355 1472 facile
379 1399 457 1469 lieri
482 1421 603 1490 posse,
629 1397 800 1467 mediocri
817 1396 1060 1466 moderatione
1107 1416 1167 1464 ros
1189 1391 1332 1464 ecclesia
1355 1393 1431 1463 sine
1453 1389 1601 1465 eruditis
1625 1382 1831 1465 doctoribus
1854 1407 1890 1464 et
1909 1394 2101 1464 moderatis

68 1503 359 1597 tranquillitatem
383 1497 597 1570 Germaniae
618 1511 816 1574 tuerentur.
871 1496 943 1568 Sed
968 1491 1061 1566 hanc
1107 1494 1402 1590 gubernatoribus
1415 1509 1515 1569 esset.
1549 1493 1856 1582 Memineramte,
1880 1493 2098 1566 etfamiliam

69 1620 172 1678 totam
191 1596 458 1695 philosophiam
476 1600 621 1694 quidam
637 1621 782 1691 prorsus
798 1599 963 1688 ignorant
982 1602 1062 1670 τῶν
1107 1609 1203 1668 tuam
1218 1595 1287 1666 Dei
1303 1595 1472 1667 beneficio
1497 1609 1673 1668 servatum
1697 1621 1771 1672 esse
1793 1611 1970 1688 grassante
1991 1597 2101 1690 pesti-

70 1699 264 1800 ἀρχόντων
289 1727 330 1774 τε
358 1695 423 1773 καὶ
451 1693 689 1800 δημηγόραιν.
747 1698 849 1771 Sicut
880 1699 935 1768 illi
963 1700 1057 1790 apud
1106 1697 1214 1768 lentia
1231 1697 1397 1766 atrociter
1412 1719 1508 1767 anno
1523 1699 1724 1789 superiore,
1753 1711 1787 1769 et
1803 1698 1981 1784 videbam,
2003 1711 2099 1772 aeca-

69 1807 284 1889 Homerum,
320 1827 390 1895 qua
418 1815 517 1894 parte
551 1803 604 1872 sol
628 1801 781 1884 oriatur,
819 1799 1059 1894 quaoccidat.
1106 1811 1177 1867 tem
1191 1797 1224 1866 ei
1237 1797 1331 1881 non,
1355 1797 1508 1884 utaliis,
1534 1801 1669 1869 adderel
1680 1800 1921 1886 insolentiam,
1946 1801 2007 1870 sed
2021 1800 2101 1870 m'o-

70 1908 171 1980 lussit
184 1903 245 1976 his
259 1902 566 1998 proximisdiebus
582 1897 672 1972 mihi
688 1895 979 1984 diciPorstoous,
1003 1923 1059 1968 me
1107 1898 1254 1968 destia'm
1271 1898 1681 1990 etcirc'um'spectionem'.
1731 1893 1822 1972 Erat
1841 1902 1949 1992 igitur·
1970 1901 2011 1971 in'
2033 1895 2100 1972 h'ac

70 2011 159 2082 utad
175 2020 393 2078 conventum
408 2024 669 2098 praepararem:
693 2000 950 2098 Respondi'me
965 2013 998 2072 et
1014 2002 1057 2070 ad
1106 1999 1304 2092 frequentia
1330 2019 1443 2084 unus,
1477 2001 1645 2094 in‘quem
1669 2005 1887 2096 prudentum
1913 1999 2101 2074 senum'et

70 2133 205 2183 caussae
232 2106 520 2200 explicationem,
559 2117 594 2176 et
609 2095 660 2174 ¹ad
683 2103 840 2196 pericula
861 2099 929 2174 Dei
950 2103 1059 2172 bene*
1106 2101 1345 2172 studiosorum
1368 2102 1539 2172 iuvenum
1566 2103 1669 2174 oculi·
1692 2105 1932 2179 inurebantur.
1990 2101 2100 2177 Senes

72 2214 162 2296 licio,
204 2209 435 2279 mediocriter
462 2219 639 2299 paratum,
679 2203 863 2297 Principes
888 2217 1059 2289 moneret,
1106 2203 1325 2293 gaudebant,
1351 2203 1539 2273 seminaria
1567 2205 1720 2275 ecclesiis
1741 2203 1836 2276 talia·
1852 2203 2014 2292 excitari3
2039 2205 2107 2275 iu-¹

72 2317 207 2385 taudem
237 2324 280 2380 ut
306 2309 374 2402 ipsi
404 2329 478 2378 sese
499 2319 683 2401 pararent,
724 2327 765 2376 ac
792 2305 1059 2392 constituerent,
1106 2323 1213 2374 venes
1235 2297 1331 2374 hune
1355 2304 1568 2375 imitandum
1592 2307 1660 2378 sibi
1673 2307 1871 2382 censebant.
1922 2300 2096 2378 Dolebam

73 2416 150 2510 quid
171 2410 355 2482 defensari
375 2410 468 2494 sint,
500 2411 559 2480 sed
581 2403 666 2478 haec
686 2431 816 2478 coram.
869 2405 943 2476 lam
962 2406 1058 2476 enim
1106 2405 1220 2494 igitur
1230 2427 1311 2476 cum
1327 2429 1346 2475 e
1364 2400 1484 2476 schola
1501 2423 1726 2492 evocaretur,
1742 2409 1811 2490 ‚sed
1832 2407 2114 2480 tuae·sdlitndi-·

73 2515 269 2604 interpellat
289 2505 497 2606 Dryandri
520 2512 647 2597 irater,
683 2510 746 2603 qui
767 2507 851 2579 satis
874 2509 1059 2578 commode
1105 2507 1163 2576 nis
1178 2531 1280 2576 causa
1302 2507 1552 2580 dimittendum
1575 2512 1707 2601 putavi.
1759 2507 1968 2582 Erravimus
1989 2510 2111 2600 igitur·

74 2616 225 2688 vendidit
241 2610 302 2684 hic
316 2635 397 2682 suas
412 2606 606 2686 machinas.
760 2697 764 2704 ἱ
1106 2609 1232 2689 ambo,
1258 2620 1293 2677 et
1314 2621 1353 2678 tu
1373 2624 1407 2680 et
1432 2633 1513 2700 ego,
1538 2635 1603 2682 nec
1619 2613 1846 2684 mediocriter
1870 2613 2000 2684 ertone
2025 2612 2099 2682 mei

168 2713 303 2790 Vitam
318 2705 604 2782 Amsrbocclmm
621 2711 708 2781 scito
724 2711 770 2780 ab
783 2704 973 2782 Academia
988 2707 1060 2780 Ba-
1106 2709 1318 2798 cogitatione
1340 2711 1489 2784 crucior.
1540 2712 1608 2784 Sed
1633 2715 1892 2785 decurrendum
1920 2729 1972 2786 est
1993 2713 2098 2784 nobis

75 2821 178 2889 varica
194 2818 411 2888 conductum
429 2835 521 2898 esse,
551 2827 593 2885 ut
607 2815 683 2906 ipse
698 2812 840 2906 scribit,
872 2813 916 2881 ad
940 2805 1059 2903 philis·¹
1105 2805 1266 2890 adhenc
1287 2833 1406 2882 veram
1430 2813 1724 2886 consolationem:
1752 2821 1899 2885 nonest
1923 2812 2113 2887 voluntas*

76 2917 226 3014 sophiam
245 2918 442 2988 docendam
456 2917 616 2986 etbonas
630 2915 784 2986 litteras:
808 2914 915 3006 plane
931 2914 1060 2983 triuma
1103 2907 1244 3008 patris,
1269 2919 1307 2980 ut
1327 2921 1450 3008 pereat
1476 2937 1572 2982 unus
1603 2908 1646 2986 de
1668 2914 1840 3014 parvulis
1863 2913 1960 2987 istis.
2014 2911 2097 2988 Nou

76 3019 156 3114 phos
171 3021 244 3109 agit
261 3019 299 3088 io
316 3018 493 3110 epistolis,
526 3019 622 3112 quod
639 3015 886 3100 a'l'itanibus,
917 3013 1059 3086 utMu-
1106 3035 1189 3082 casu
1210 3013 1408 3098 nascimur,
1448 3037 1525 3084 nec*
1542 3021 1663 3107 putes¹,
1702 3040 1786 3088 casn·
1805 3031 1990 3088 evocatum
2023 3041 2097 3090 esse

77 3147 165 3192 neus
180 3119 398 3204 discesserit,
431 3131 466 3189 et
488 3119 667 3210 praeludit
677 3119 780 3188 novis
795 3117 1057 3206 certaminibus.¹
1105 3113 1217 3182 filium
1241 3135 1283 3182 ex
1302 3107 1367 3182 hac
1388 3117 1610 3218 mortalitate.
1669 3115 1967 3212 Obtemperemus
1986 3118 2096 3210 igitur

75 3221 147 3295 Non
161 3225 294 3294 frustra
310 3221 428 3294 carias.
447 3215 643 3306 loachime,
673 3219 851 3290 interdum
875 3213 1058 3312 querimur
1104 3211 1281 3284 voluntati
1297 3209 1384 3300 Dei,
1409 3229 1444 3286 et
1471 3217 1588 3288 deira
1612 3219 1687 3290 eius
1705 3223 1798 3291 etde
1814 3221 2017 3312 posteritate
2034 3246 2096 3292 co-

75 3327 113 3394 de
128 3317 392 3394 melancholicis
406 3323 555 3396 naturis.
607 3321 676 3394 Sed
694 3323 846 3390 ieramus
862 3320 966 3390 etiarm
987 3313 1058 3389 hu·
1104 3317 1272 3405 gitemns,
1295 3339 1340 3387 ac
1363 3341 1565 3410 putemur,
1595 3336 1636 3390 ut
1661 3323 1778 3416 aliqua
1803 3335 1921 3392 tamen
1943 3323 2040 3392 bura
2061 3323 2118 3394 et*

76 3427 123 3496 ius
139 3429 307 3515 impetus,
334 3445 469 3516 nosque
486 3426 529 3492 ad
547 3425 665 3494 lutura
682 3443 938 3512 praeparemus.
971 3413 1055 3488 La·
1103 3432 1196 3488 recta
1212 3417 1354 3508 ingenia
1377 3433 1507 3494 secreta·
1550 3420 1749 3494 Soeiherem
1764 3415 1884 3515 pluru3
1909 3427 1971 3494 sed
1996 3426 2096 3495 etde

77 3526 199 3598 terrosi
211 3525 316 3596 mitto
332 3525 531 3616 exemplum
545 3521 727 3616 Epistulae
743 3524 786 3590 de
808 3523 939 3607 lerina,
970 3521 1056 3590 scri-
1102 3519 1169 3588 filii
1184 3520 1376 3591 virtutibus
1394 3535 1435 3603 et·
1450 3524 1506 3594 de»
1514 3525 1695 3616 republica
1716 3538 1785 3594 tam
1810 3525 1923 3596 multa
1944 3521 2034 3595 mihi
2057 3525 2096 3594 in

75 3644 145 3720 ptse
163 3631 206 3699 ad
224 3617 536 3719 Anhaltiaum*).
587 3622 755 3694 Venirem
776 3623 822 3692 ad
844 3623 1055 3714 disputatio·
1103 3633 1259 3690 mentcm
1275 3621 1435 3704 veniunt,
1461 3637 1502 3694 nt
1517 3625 1658 3716 longam
1675 3624 1789 3696 iliada
1804 3627 1872 3696 sim
1887 3627 2095 3720 scripturus,

77 3755 147 3814 nes,
178 3729 252 3799 nisi
276 3726 434 3821 quotidie
457 3739 672 3816 expectarem
691 3725 735 3794 de
750 3724 878 3795 itinere
895 3723 1054 3816 Spirensi
1104 3721 1135 3793 si
1157 3723 1277 3792 omnia
1299 3715 1461 3818 persequi
1480 3722 1625 3802 vellem.'
1676 3725 1756 3814 Tu,
1789 3733 1962 3824 quanlum
1987 3741 2098 3822 petes,

77 3831 210 3906 litteras.
262 3827 362 3900 Bene
378 3826 475 3914 vale,
498 3827 557 3896 die
573 3824 685 3898 Divae
698 3821 907 3898 Elisabetae.
1104 3845 1261 3912 repugna
1285 3825 1423 3912 dolori,
1449 3839 1485 3895 et
1506 3827 1640 3924 cogita,
1672 3844 1847 3924 quantum
1866 3826 1934 3900 Dei
1957 3832 2091 3902 donum

625 3921 815 4020 Philippus
831 3918 1007 3998 Melanth.
1104 3924 1167 4008 sit,
1194 3923 1256 4016 qui
1271 3925 1405 4009 lilium,
1429 3927 1619 3998 formatum
1634 3930 1842 4000 educatione
1858 3944 1928 4014 tua,
1954 3933 1999 4000 sd
2014 3955 2095 4001 coe-

1104 4021 1189 4094 leste
1206 4047 1352 4112 regnum
1369 4029 1641 4120 praeparaveris.
1666 4029 1738 4102 Nec
1751 4054 1836 4100 vero
1853 4029 1990 4116 dubito,
2055 4031 2065 4050 ”

1105 4123 1174 4194 iam
1191 4125 1236 4196 sit
1252 4125 1290 4196 in
1306 4129 1491 4218 complexu
1505 4131 1638 4202 matris.
1663 4130 1864 4204 Teneamus
1876 4133 1970 4204 enim
1986 4056 2094 4204 Chii„-

88 4235 144 4310 No.
158 4231 273 4309 2805.
861 4272 873 4288 ··
898 4244 957 4305 Η.
977 4233 1055 4300 Nos.
1104 4227 1149 4296 sti
1163 4251 1307 4314 vocem,
1332 4227 1395 4322 qui
1418 4229 1487 4300 ait:
1512 4225 1622 4301 hodic
1636 4255 1771 4302 mecum
1787 4231 1858 4304 eris
1875 4231 1915 4302 in
1930 4229 2091 4332 paradi·

82 4331 282 4371 ''⁵‘'
878 4325 1051 4356 Μ
1102 4350 1155 4400 so.
1207 4325 1336 4416 Deum,
1358 4343 1539 4402 aeternum
1556 4347 1691 4424 patrem
1708 4335 1848 4406 domini
1870 4335 1983 4408 nostri
2005 4333 2034 4412 l.
2049 4334 2090 4412 C

419 4398 476 4485 Ν·
498 4395 704 4484 Μθᾶἶσθ·
1103 4453 1186 4516 oro,
1210 4443 1249 4498 ut
1263 4433 1307 4500 de
1323 4445 1357 4502 et
1372 4433 1552 4502 eeclesiam
1570 4449 1666 4509 tuam
1680 4453 1806 4512 servet.

136 4581 265 4638 rasse
277 4577 376 4636 sassa
389 4575 499 4634 vau
512 4596 541 4651 p.
555 4577 617 4632 sn.
632 4569 942 4650 :stammas
975 4573 1057 4632 auae
1204 4527 1332 4600 Virum
1347 4536 1519 4621 gravitate
1536 4549 1570 4605 ²²
1591 4537 1719 4627 pietate
1743 4553 1777 4612 a
1799 4539 1999 4612 eruditione
2013 4540 2090 4614 esi·

34 4699 35 4724 ,
168 4670 199 4706 ιι
212 4649 310 4706 eodem
325 4647 389 4704 cod.
402 4646 684 4719 secnasetesertpta.
1103 4631 1174 4701 mia
1199 4635 1397 4724 praeditum
1419 4631 1524 4706 Ilum.
1540 4627 1751 4734 Caspasum
1773 4631 1999 4728 Lustrarunt,
2023 4643 2088 4714 etsi

388 4799 396 4820 α
1102 4745 1172 4802 ate
1185 4733 1293 4802 avelli
1316 4735 1437 4821 doleo,
1463 4751 1580 4808 tamen
1605 4745 1740 4830 pendeo
1756 4745 1878 4814 venire
1901 4744 1940 4813 in
1957 4744 2089 4816 illalu-

328 4797 371 4876 Ν
380 4798 503 4872 '⁶⁰²⁰
513 4825 535 4874 ⁰
556 4796 780 4874 Mldlm
1101 4855 1160 4916 ca,
1186 4833 1247 4904 ubi
1263 4835 1385 4906 multis
1400 4839 1555 4910 ecclesiis
1577 4841 1651 4910 eius
1668 4843 1855 4932 prudentia
1877 4857 1913 4917 et
1934 4843 2088 4918 auctori·

80 4914 116 5003 S.
129 4933 172 5012 D.
202 4933 416 5030 [lacrymans
431 4935 499 5024 legi
515 4947 613 5006 tuam
625 4934 815 5026 epistolam
828 4927 1053 5004 deSomuele
1099 4945 1153 5002 tas
1175 4936 1516 5028 optimeprolutura
1537 4951 1607 5022 est,
1629 4939 1716 5014 *Deo
1736 4946 1890 5020 iuvante.
1937 4941 2088 5019 De‘Do-

81 5035 143 5108 lilio
155 5052 273 5108 nostro
288 5035 472 5126 scriptam,
488 5059 636 5130 eamque
652 5060 731 5106 cum
749 5036 786 5104 in
802 5035 953 5127 templo,
966 5059 1049 5106 nam
1098 5047 1193 5106 ctore
1208 5031 1558 5111 loachimoMauro
1574 5037 1612 5140 *)
1630 5047 1813 5142 colloquar
1827 5047 1991 5144 equidem
2006 5069 2089 5120 curn

38 5181 40 5204 .
82 5135 124 5207 ihi
135 5139 257 5233 accepi,
271 5137 414 5209 caeteris
426 5139 669 5224 ostendissem,
685 5161 791 5208 nemo
806 5135 885 5224 luit,
900 5135 1048 5232 quinon

1129 5293 1159 5365 Ιθ)
1181 5295 1335 5380 Scripserst
1355 5291 1498 5352 Medlerus
1518 5298 1547 5353 in
1568 5299 1682 5386 qpbtols
1700 5303 1734 5387 d.¹
1747 5303 1777 5361 d.
1799 5305 1840 5364 ld.
1860 5303 1997 5394 lissemb.
2013 5310 2086 5370 Μ

107 5365 132 5436 ‘l
149 5365 209 5425 Vid.
219 5383 261 5440 ep.
273 5363 301 5421 d.
314 5361 357 5420 27.
369 5359 446 5436 sept.
459 5357 487 5419 h.
499 5375 525 5419 s.
1162 5363 1351 5439 mauors,
1374 5385 1404 5422 ss
1425 5376 1519 5440 optsrs
1532 5377 1563 5423 st
1574 5387 1604 5426 ss
1619 5369 1735 5427 boenen
1749 5375 1844 5432 locon
1857 5375 1909 5434 ast
1920 5379 2086 5453 sdsunqstor

80 5295 277 5310 m
