<?xml version="1.0" encoding="UTF-8"?>
<!DOCTYPE html PUBLIC "-//W3C//DTD XHTML 1.0 Transitional//EN"
    "http://www.w3.org/TR/xhtml1/DTD/xhtml1-transitional.dtd">
<html xmlns="http://www.w3.org/1999/xhtml" xml:lang="en" lang="en">
 <head>
  <title>
</title>
<meta http-equiv="Content-Type" content="text/html;charset=utf-8" />
  <meta name='ocr-system' content='tesseract 3.04.00' />
  <meta name='ocr-capabilities' content='ocr_page ocr_carea ocr_par ocr_line ocrx_word'/>
</head>
<body>
  <div class='ocr_page' id='page_1' title='image "./corpusreformato19melagoog/corpusreformato19melagoog_0324.png"; bbox 0 0 4654 5804; ppageno 0'>
   <div class='ocr_carea' id='block_1_1' title="bbox 95 200 2113 333">
    <p class='ocr_par' dir='ltr' id='par_1_1' title="bbox 95 200 2113 333">
     <span class='ocr_line' id='line_1_1' title="bbox 95 200 2113 333; baseline -0.001 -11"><span class='ocrx_word' id='word_1_1' title='bbox 95 247 164 328; x_wconf 82' lang='lat' dir='ltr'>ora</span> <span class='ocrx_word' id='word_1_2' title='bbox 667 200 1109 320; x_wconf 68' lang='lat' dir='ltr'>aeternitatum</span> <span class='ocrx_word' id='word_1_3' title='bbox 1159 238 1354 322; x_wconf 56' lang='lat' dir='ltr'>uranx.</span> <span class='ocrx_word' id='word_1_4' title='bbox 1406 237 1543 326; x_wconf 79' lang='lat' dir='ltr'>coes.</span> <span class='ocrx_word' id='word_1_5' title='bbox 2037 253 2113 333; x_wconf 80' lang='grc' dir='ltr'>ιιι</span> 
     </span>
    </p>
   </div>
   <div class='ocr_carea' id='block_1_2' title="bbox 16 399 2208 4372">
    <p class='ocr_par' dir='ltr' id='par_1_2' title="bbox 16 399 2208 4372">
     <span class='ocr_line' id='line_1_2' title="bbox 96 399 2112 522; baseline 0.005 -33"><span class='ocrx_word' id='word_1_6' title='bbox 96 417 281 494; x_wconf 78' lang='lat' dir='ltr'>ceremonia</span> <span class='ocrx_word' id='word_1_7' title='bbox 305 439 380 490; x_wconf 90' lang='lat' dir='ltr'>non</span> <span class='ocrx_word' id='word_1_8' title='bbox 404 429 493 488; x_wconf 88' lang='lat' dir='ltr'>esset</span> <span class='ocrx_word' id='word_1_9' title='bbox 508 415 616 488; x_wconf 87' lang='lat' dir='ltr'>inane</span> <span class='ocrx_word' id='word_1_10' title='bbox 633 415 887 510; x_wconf 83' lang='lat' dir='ltr'>spectaculum,</span> <span class='ocrx_word' id='word_1_11' title='bbox 911 429 953 488; x_wconf 92' lang='lat' dir='ltr'>ut</span> <span class='ocrx_word' id='word_1_12' title='bbox 976 401 1074 488; x_wconf 87' lang='lat' dir='ltr'>nunc</span> <span class='ocrx_word' id='word_1_13' title='bbox 1123 413 1187 510; x_wconf 91' lang='lat' dir='ltr'>qni</span> <span class='ocrx_word' id='word_1_14' title='bbox 1208 415 1420 488; x_wconf 79' lang='lat' dir='ltr'>didicerunt</span> <span class='ocrx_word' id='word_1_15' title='bbox 1450 417 1649 490; x_wconf 87' lang='lat' dir='ltr'>doctrinam</span> <span class='ocrx_word' id='word_1_16' title='bbox 1679 415 1832 510; x_wconf 86' lang='lat' dir='ltr'>Christi,</span> <span class='ocrx_word' id='word_1_17' title='bbox 1865 447 1931 516; x_wconf 92' lang='lat' dir='ltr'>per</span> <span class='ocrx_word' id='word_1_18' title='bbox 1959 399 2112 522; x_wconf 84' lang='lat' dir='ltr'>quorum</span> 
     </span>
     <span class='ocr_line' id='line_1_3' title="bbox 94 517 2113 622; baseline 0.006 -34"><span class='ocrx_word' id='word_1_19' title='bbox 94 518 342 614; x_wconf 87' lang='lat' dir='ltr'>Episcoporum</span> <span class='ocrx_word' id='word_1_20' title='bbox 358 521 449 592; x_wconf 90' lang='lat' dir='ltr'>ritus</span> <span class='ocrx_word' id='word_1_21' title='bbox 466 521 526 590; x_wconf 89' lang='lat' dir='ltr'>sed</span> <span class='ocrx_word' id='word_1_22' title='bbox 544 519 729 612; x_wconf 78' lang='lat' dir='ltr'>protutura</span> <span class='ocrx_word' id='word_1_23' title='bbox 745 533 835 591; x_wconf 90' lang='lat' dir='ltr'>esset</span> <span class='ocrx_word' id='word_1_24' title='bbox 849 521 894 589; x_wconf 89' lang='lat' dir='ltr'>ad</span> <span class='ocrx_word' id='word_1_25' title='bbox 914 519 1075 589; x_wconf 89' lang='lat' dir='ltr'>retinen·</span> <span class='ocrx_word' id='word_1_26' title='bbox 1121 517 1342 588; x_wconf 74' lang='lat' dir='ltr'>functionem</span> <span class='ocrx_word' id='word_1_27' title='bbox 1364 519 1404 588; x_wconf 90' lang='lat' dir='ltr'>in</span> <span class='ocrx_word' id='word_1_28' title='bbox 1425 520 1585 590; x_wconf 88' lang='lat' dir='ltr'>docendo</span> <span class='ocrx_word' id='word_1_29' title='bbox 1608 535 1644 592; x_wconf 90' lang='lat' dir='ltr'>et</span> <span class='ocrx_word' id='word_1_30' title='bbox 1665 524 1974 622; x_wconf 56' lang='lat' dir='ltr'>administratione</span> <span class='ocrx_word' id='word_1_31' title='bbox 1987 529 2113 600; x_wconf 85' lang='lat' dir='ltr'>Sacra-</span> 
     </span>
     <span class='ocr_line' id='line_1_4' title="bbox 95 621 2111 713; baseline 0.009 -32"><span class='ocrx_word' id='word_1_32' title='bbox 95 625 169 694; x_wconf 69' lang='lat' dir='ltr'>dam</span> <span class='ocrx_word' id='word_1_33' title='bbox 189 623 370 694; x_wconf 80' lang='lat' dir='ltr'>doctrinae</span> <span class='ocrx_word' id='word_1_34' title='bbox 395 621 585 713; x_wconf 89' lang='lat' dir='ltr'>puritatem</span> <span class='ocrx_word' id='word_1_35' title='bbox 614 633 650 692; x_wconf 90' lang='lat' dir='ltr'>et</span> <span class='ocrx_word' id='word_1_36' title='bbox 680 622 969 712; x_wconf 78' lang='lat' dir='ltr'>propagationem</span> <span class='ocrx_word' id='word_1_37' title='bbox 992 641 1074 688; x_wconf 83' lang='lat' dir='ltr'>sen·</span> <span class='ocrx_word' id='word_1_38' title='bbox 1122 632 1324 690; x_wconf 89' lang='lat' dir='ltr'>mentorum</span> <span class='ocrx_word' id='word_1_39' title='bbox 1334 643 1415 690; x_wconf 91' lang='lat' dir='ltr'>vere</span> <span class='ocrx_word' id='word_1_40' title='bbox 1433 633 1484 691; x_wconf 87' lang='lat' dir='ltr'>est</span> <span class='ocrx_word' id='word_1_41' title='bbox 1495 623 1626 708; x_wconf 82' lang='lat' dir='ltr'>efficax,</span> <span class='ocrx_word' id='word_1_42' title='bbox 1640 637 1676 694; x_wconf 89' lang='lat' dir='ltr'>ct</span> <span class='ocrx_word' id='word_1_43' title='bbox 1691 625 1775 696; x_wconf 84' lang='lat' dir='ltr'>lecit</span> <span class='ocrx_word' id='word_1_44' title='bbox 1789 649 1856 696; x_wconf 91' lang='lat' dir='ltr'>nos</span> <span class='ocrx_word' id='word_1_45' title='bbox 1872 623 2040 699; x_wconf 87' lang='lat' dir='ltr'>haeredes</span> <span class='ocrx_word' id='word_1_46' title='bbox 2056 632 2111 700; x_wconf 89' lang='lat' dir='ltr'>vi-</span> 
     </span>
     <span class='ocr_line' id='line_1_5' title="bbox 27 719 2109 814; baseline 0.012 -37"><span class='ocrx_word' id='word_1_47' title='bbox 27 769 30 775; x_wconf 94' lang='lat'>.</span> <span class='ocrx_word' id='word_1_48' title='bbox 94 725 215 796; x_wconf 65' lang='lat' dir='ltr'>tentiae</span> <span class='ocrx_word' id='word_1_49' title='bbox 237 722 503 797; x_wconf 70' lang='lat' dir='ltr'>Ecclesiasticae</span> <span class='ocrx_word' id='word_1_50' title='bbox 528 723 573 794; x_wconf 89' lang='lat' dir='ltr'>ad</span> <span class='ocrx_word' id='word_1_51' title='bbox 598 722 825 794; x_wconf 75' lang='lat' dir='ltr'>concordiam</span> <span class='ocrx_word' id='word_1_52' title='bbox 850 735 886 792; x_wconf 91' lang='lat' dir='ltr'>et</span> <span class='ocrx_word' id='word_1_53' title='bbox 913 719 1074 814; x_wconf 89' lang='lat' dir='ltr'>discipli·</span> <span class='ocrx_word' id='word_1_54' title='bbox 1120 731 1177 790; x_wconf 91' lang='lat' dir='ltr'>tae</span> <span class='ocrx_word' id='word_1_55' title='bbox 1193 733 1372 806; x_wconf 81' lang='lat' dir='ltr'>aeternae,</span> <span class='ocrx_word' id='word_1_56' title='bbox 1394 722 1529 792; x_wconf 90' lang='lat' dir='ltr'>maiore</span> <span class='ocrx_word' id='word_1_57' title='bbox 1545 723 1727 814; x_wconf 82' lang='lat' dir='ltr'>diligentia</span> <span class='ocrx_word' id='word_1_58' title='bbox 1743 743 1931 810; x_wconf 89' lang='lat' dir='ltr'>curarent,</span> <span class='ocrx_word' id='word_1_59' title='bbox 1954 743 1995 800; x_wconf 90' lang='lat' dir='ltr'>ut</span> <span class='ocrx_word' id='word_1_60' title='bbox 2010 733 2109 802; x_wconf 90' lang='lat' dir='ltr'>ordi-</span> 
     </span>
     <span class='ocr_line' id='line_1_6' title="bbox 93 822 2109 921; baseline 0.003 -25"><span class='ocrx_word' id='word_1_61' title='bbox 93 849 181 902; x_wconf 88' lang='lat' dir='ltr'>uarn.</span> <span class='ocrx_word' id='word_1_62' title='bbox 1120 822 1218 894; x_wconf 88' lang='lat' dir='ltr'>natio</span> <span class='ocrx_word' id='word_1_63' title='bbox 1239 823 1368 892; x_wconf 89' lang='lat' dir='ltr'>rectius</span> <span class='ocrx_word' id='word_1_64' title='bbox 1391 824 1716 911; x_wconf 82' lang='lat' dir='ltr'>administraretur,</span> <span class='ocrx_word' id='word_1_65' title='bbox 1741 841 1776 900; x_wconf 89' lang='lat' dir='ltr'>et</span> <span class='ocrx_word' id='word_1_66' title='bbox 1796 853 1871 898; x_wconf 89' lang='lat' dir='ltr'>non</span> <span class='ocrx_word' id='word_1_67' title='bbox 1892 847 2030 921; x_wconf 89' lang='lat' dir='ltr'>pareret</span> <span class='ocrx_word' id='word_1_68' title='bbox 2050 828 2109 903; x_wconf 89' lang='lat' dir='ltr'>hic</span> 
     </span>
     <span class='ocr_line' id='line_1_7' title="bbox 467 922 2108 1129; baseline 0.021 -57"><span class='ocrx_word' id='word_1_69' title='bbox 467 979 684 1060; x_wconf 68' lang='lat' dir='ltr'>onan..</span> <span class='ocrx_word' id='word_1_70' title='bbox 1117 922 1942 1122; x_wconf 57' lang='lat' dir='ltr'>eltat?{tttlttaltlttllatttt?</span> <span class='ocrx_word' id='word_1_71' title='bbox 1975 958 2108 1129; x_wconf 67' lang='lat' dir='ltr'>&#39;iiiii</span> 
     </span>
     <span class='ocr_line' id='line_1_8' title="bbox 182 1121 2107 1225; baseline 0.006 -28"><span class='ocrx_word' id='word_1_72' title='bbox 182 1121 262 1198; x_wconf 87' lang='lat' dir='ltr'>Etsi</span> <span class='ocrx_word' id='word_1_73' title='bbox 284 1139 404 1219; x_wconf 87' lang='lat' dir='ltr'>postea</span> <span class='ocrx_word' id='word_1_74' title='bbox 425 1126 469 1196; x_wconf 90' lang='lat' dir='ltr'>de</span> <span class='ocrx_word' id='word_1_75' title='bbox 492 1125 719 1196; x_wconf 84' lang='lat' dir='ltr'>ordinatione</span> <span class='ocrx_word' id='word_1_76' title='bbox 739 1121 1072 1194; x_wconf 86' lang='lat' dir='ltr'>rursusdieendum</span> <span class='ocrx_word' id='word_1_77' title='bbox 1118 1125 1175 1194; x_wconf 94' lang='lat' dir='ltr'>lus</span> <span class='ocrx_word' id='word_1_78' title='bbox 1191 1127 1297 1196; x_wconf 88' lang='lat' dir='ltr'>etiarn</span> <span class='ocrx_word' id='word_1_79' title='bbox 1310 1129 1354 1196; x_wconf 92' lang='lat' dir='ltr'>de</span> <span class='ocrx_word' id='word_1_80' title='bbox 1369 1127 1559 1199; x_wconf 88' lang='lat' dir='ltr'>ministerii</span> <span class='ocrx_word' id='word_1_81' title='bbox 1580 1125 1844 1222; x_wconf 87' lang='lat' dir='ltr'>†Evangelici”</span> <span class='ocrx_word' id='word_1_82' title='bbox 1866 1123 2046 1225; x_wconf 74' lang='lat' dir='ltr'>dignitate,</span> <span class='ocrx_word' id='word_1_83' title='bbox 2072 1153 2107 1208; x_wconf 86' lang='grc' dir='ltr'>ει</span> 
     </span>
     <span class='ocr_line' id='line_1_9' title="bbox 92 1221 2144 1327; baseline 0.008 -30"><span class='ocrx_word' id='word_1_84' title='bbox 92 1240 139 1298; x_wconf 87' lang='lat' dir='ltr'>est</span> <span class='ocrx_word' id='word_1_85' title='bbox 158 1227 196 1296; x_wconf 91' lang='lat' dir='ltr'>in</span> <span class='ocrx_word' id='word_1_86' title='bbox 218 1242 389 1321; x_wconf 78' lang='lat' dir='ltr'>cupane,</span> <span class='ocrx_word' id='word_1_87' title='bbox 415 1229 454 1297; x_wconf 93' lang='lat' dir='ltr'>in</span> <span class='ocrx_word' id='word_1_88' title='bbox 475 1228 604 1322; x_wconf 84' lang='lat' dir='ltr'>quade</span> <span class='ocrx_word' id='word_1_89' title='bbox 625 1221 848 1320; x_wconf 82' lang='lat' dir='ltr'>servando¹¹)</span> <span class='ocrx_word' id='word_1_90' title='bbox 870 1223 1070 1294; x_wconf 89' lang='lat' dir='ltr'>ministerio</span> <span class='ocrx_word' id='word_1_91' title='bbox 1119 1227 1163 1296; x_wconf 91' lang='lat' dir='ltr'>de</span> <span class='ocrx_word' id='word_1_92' title='bbox 1182 1226 1407 1298; x_wconf 84' lang='lat' dir='ltr'>ordinatione</span> <span class='ocrx_word' id='word_1_93' title='bbox 1430 1231 1612 1300; x_wconf 89' lang='lat' dir='ltr'>docendus</span> <span class='ocrx_word' id='word_1_94' title='bbox 1642 1243 1710 1312; x_wconf 89' lang='lat' dir='ltr'>est,</span> <span class='ocrx_word' id='word_1_95' title='bbox 1744 1245 1784 1303; x_wconf 93' lang='lat' dir='ltr'>ut</span> <span class='ocrx_word' id='word_1_96' title='bbox 1805 1229 1873 1306; x_wconf 90' lang='lat' dir='ltr'>hoc</span> <span class='ocrx_word' id='word_1_97' title='bbox 1896 1237 2022 1327; x_wconf 88' lang='lat' dir='ltr'>ingens</span> <span class='ocrx_word' id='word_1_98' title='bbox 2042 1241 2106 1310; x_wconf 92' lang='lat' dir='ltr'>be·</span> <span class='ocrx_word' id='word_1_99' title='bbox 2136 1291 2144 1314; x_wconf 80' lang='grc'><strong>.</strong></span> 
     </span>
     <span class='ocr_line' id='line_1_10' title="bbox 89 1321 2104 1429; baseline 0.009 -35"><span class='ocrx_word' id='word_1_100' title='bbox 89 1325 269 1419; x_wconf 79' lang='lat' dir='ltr'>Evangelii</span> <span class='ocrx_word' id='word_1_101' title='bbox 296 1329 449 1400; x_wconf 89' lang='lat' dir='ltr'>dicetur:</span> <span class='ocrx_word' id='word_1_102' title='bbox 487 1343 608 1399; x_wconf 89' lang='lat' dir='ltr'>tamen</span> <span class='ocrx_word' id='word_1_103' title='bbox 643 1321 703 1396; x_wconf 90' lang='lat' dir='ltr'>hic</span> <span class='ocrx_word' id='word_1_104' title='bbox 738 1327 970 1398; x_wconf 89' lang='lat' dir='ltr'>necessariam</span> <span class='ocrx_word' id='word_1_105' title='bbox 1005 1325 1071 1394; x_wconf 85' lang='lat' dir='ltr'>ad·</span> <span class='ocrx_word' id='word_1_106' title='bbox 1117 1329 1283 1400; x_wconf 87' lang='lat' dir='ltr'>neficium</span> <span class='ocrx_word' id='word_1_107' title='bbox 1307 1327 1376 1400; x_wconf 91' lang='lat' dir='ltr'>Dei</span> <span class='ocrx_word' id='word_1_108' title='bbox 1398 1329 1598 1422; x_wconf 90' lang='lat' dir='ltr'>intelligere</span> <span class='ocrx_word' id='word_1_109' title='bbox 1619 1332 1729 1404; x_wconf 89' lang='lat' dir='ltr'>diseat</span> <span class='ocrx_word' id='word_1_110' title='bbox 1752 1331 1867 1429; x_wconf 89' lang='lat' dir='ltr'>(quod</span> <span class='ocrx_word' id='word_1_111' title='bbox 1889 1335 1986 1408; x_wconf 88' lang='lat' dir='ltr'>Dens</span> <span class='ocrx_word' id='word_1_112' title='bbox 2009 1356 2104 1412; x_wconf 88' lang='lat' dir='ltr'>certo</span> 
     </span>
     <span class='ocr_line' id='line_1_11' title="bbox 90 1425 2105 1538; baseline 0.006 -36"><span class='ocrx_word' id='word_1_113' title='bbox 90 1431 314 1502; x_wconf 90' lang='lat' dir='ltr'>monitionem</span> <span class='ocrx_word' id='word_1_114' title='bbox 347 1430 503 1502; x_wconf 90' lang='lat' dir='ltr'>breviter</span> <span class='ocrx_word' id='word_1_115' title='bbox 534 1427 759 1499; x_wconf 75' lang='lat' dir='ltr'>inserendam</span> <span class='ocrx_word' id='word_1_116' title='bbox 790 1451 865 1498; x_wconf 89' lang='lat' dir='ltr'>esse</span> <span class='ocrx_word' id='word_1_117' title='bbox 894 1427 1071 1498; x_wconf 80' lang='lat' dir='ltr'>duximus·</span> <span class='ocrx_word' id='word_1_118' title='bbox 1116 1453 1181 1522; x_wconf 89' lang='lat' dir='ltr'>per</span> <span class='ocrx_word' id='word_1_119' title='bbox 1200 1425 1266 1501; x_wconf 94' lang='lat' dir='ltr'>hos</span> <span class='ocrx_word' id='word_1_120' title='bbox 1288 1443 1447 1517; x_wconf 87' lang='lat' dir='ltr'>vocatos,</span> <span class='ocrx_word' id='word_1_121' title='bbox 1473 1445 1508 1502; x_wconf 90' lang='lat' dir='ltr'>et</span> <span class='ocrx_word' id='word_1_122' title='bbox 1531 1429 1622 1504; x_wconf 90' lang='lat' dir='ltr'>hanc</span> <span class='ocrx_word' id='word_1_123' title='bbox 1649 1433 1868 1506; x_wconf 82' lang='lat' dir='ltr'>functionem</span> <span class='ocrx_word' id='word_1_124' title='bbox 1892 1440 2011 1510; x_wconf 82' lang='lat' dir='ltr'>efficax</span> <span class='ocrx_word' id='word_1_125' title='bbox 2037 1440 2105 1538; x_wconf 90' lang='lat' dir='ltr'>est)</span> 
     </span>
     <span class='ocr_line' id='line_1_12' title="bbox 16 1525 2105 1625; baseline 0.009 -28"><span class='ocrx_word' id='word_1_126' title='bbox 16 1555 17 1572; x_wconf 47' lang='grc' dir='ltr'><strong>ι</strong></span> <span class='ocrx_word' id='word_1_127' title='bbox 90 1531 214 1622; x_wconf 84' lang='lat' dir='ltr'>Magna</span> <span class='ocrx_word' id='word_1_128' title='bbox 238 1556 294 1602; x_wconf 88' lang='lat' dir='ltr'>res</span> <span class='ocrx_word' id='word_1_129' title='bbox 317 1545 369 1602; x_wconf 87' lang='lat' dir='ltr'>est</span> <span class='ocrx_word' id='word_1_130' title='bbox 386 1545 421 1603; x_wconf 92' lang='lat' dir='ltr'>et</span> <span class='ocrx_word' id='word_1_131' title='bbox 444 1530 638 1602; x_wconf 89' lang='lat' dir='ltr'>necessaria</span> <span class='ocrx_word' id='word_1_132' title='bbox 651 1525 848 1616; x_wconf 73' lang='lat' dir='ltr'>Ecclesiae,</span> <span class='ocrx_word' id='word_1_133' title='bbox 875 1551 959 1600; x_wconf 90' lang='lat' dir='ltr'>cura</span> <span class='ocrx_word' id='word_1_134' title='bbox 975 1540 1070 1598; x_wconf 88' lang='lat' dir='ltr'>recte</span> <span class='ocrx_word' id='word_1_135' title='bbox 1117 1543 1153 1603; x_wconf 93' lang='lat' dir='ltr'>et</span> <span class='ocrx_word' id='word_1_136' title='bbox 1172 1532 1288 1624; x_wconf 91' lang='lat' dir='ltr'>ipsum</span> <span class='ocrx_word' id='word_1_137' title='bbox 1313 1533 1552 1604; x_wconf 88' lang='lat' dir='ltr'>ministerium</span> <span class='ocrx_word' id='word_1_138' title='bbox 1575 1530 1749 1625; x_wconf 81' lang='lat' dir='ltr'>†magis&#39;&#39;</span> <span class='ocrx_word' id='word_1_139' title='bbox 1775 1551 1887 1622; x_wconf 87' lang='lat' dir='ltr'>amet,</span> <span class='ocrx_word' id='word_1_140' title='bbox 1914 1554 1949 1612; x_wconf 92' lang='lat' dir='ltr'>et</span> <span class='ocrx_word' id='word_1_141' title='bbox 1969 1543 2105 1614; x_wconf 88' lang='lat' dir='ltr'>maiore</span> 
     </span>
     <span class='ocr_line' id='line_1_13' title="bbox 90 1627 2105 1729; baseline 0.007 -26"><span class='ocrx_word' id='word_1_142' title='bbox 90 1635 293 1704; x_wconf 83' lang='lat' dir='ltr'>exercendae</span> <span class='ocrx_word' id='word_1_143' title='bbox 309 1633 557 1706; x_wconf 82' lang='lat' dir='ltr'>ordinationis.</span> <span class='ocrx_word' id='word_1_144' title='bbox 606 1629 685 1702; x_wconf 90' lang='lat' dir='ltr'>Etsi</span> <span class='ocrx_word' id='word_1_145' title='bbox 700 1632 795 1700; x_wconf 91' lang='lat' dir='ltr'>enim</span> <span class='ocrx_word' id='word_1_146' title='bbox 812 1627 909 1702; x_wconf 90' lang='lat' dir='ltr'>Deus</span> <span class='ocrx_word' id='word_1_147' title='bbox 924 1629 1069 1722; x_wconf 89' lang='lat' dir='ltr'>propria</span> <span class='ocrx_word' id='word_1_148' title='bbox 1116 1657 1200 1704; x_wconf 90' lang='lat' dir='ltr'>cura</span> <span class='ocrx_word' id='word_1_149' title='bbox 1216 1657 1354 1704; x_wconf 87' lang='lat' dir='ltr'>servare</span> <span class='ocrx_word' id='word_1_150' title='bbox 1369 1636 1525 1708; x_wconf 83' lang='lat' dir='ltr'>studeat:</span> <span class='ocrx_word' id='word_1_151' title='bbox 1551 1634 1641 1707; x_wconf 92' lang='lat' dir='ltr'>sicut</span> <span class='ocrx_word' id='word_1_152' title='bbox 1655 1637 1786 1729; x_wconf 88' lang='lat' dir='ltr'>singuli</span> <span class='ocrx_word' id='word_1_153' title='bbox 1801 1663 1865 1711; x_wconf 89' lang='lat' dir='ltr'>suo</span> <span class='ocrx_word' id='word_1_154' title='bbox 1881 1641 1960 1714; x_wconf 89' lang='lat' dir='ltr'>loco</span> <span class='ocrx_word' id='word_1_155' title='bbox 1974 1645 2105 1718; x_wconf 89' lang='lat' dir='ltr'>debent</span> 
     </span>
     <span class='ocr_line' id='line_1_14' title="bbox 91 1729 2105 1836; baseline 0.008 -34"><span class='ocrx_word' id='word_1_156' title='bbox 91 1759 147 1806; x_wconf 84' lang='lat' dir='ltr'>sua</span> <span class='ocrx_word' id='word_1_157' title='bbox 160 1736 315 1826; x_wconf 89' lang='lat' dir='ltr'>potentia</span> <span class='ocrx_word' id='word_1_158' title='bbox 331 1749 365 1806; x_wconf 90' lang='lat' dir='ltr'>et</span> <span class='ocrx_word' id='word_1_159' title='bbox 377 1735 633 1825; x_wconf 87' lang='lat' dir='ltr'>gubernatione</span> <span class='ocrx_word' id='word_1_160' title='bbox 646 1732 883 1803; x_wconf 86' lang='lat' dir='ltr'>ministerium</span> <span class='ocrx_word' id='word_1_161' title='bbox 904 1729 1070 1820; x_wconf 83' lang='lat' dir='ltr'>Evange-</span> <span class='ocrx_word' id='word_1_162' title='bbox 1115 1759 1264 1820; x_wconf 88' lang='lat' dir='ltr'>ornare,</span> <span class='ocrx_word' id='word_1_163' title='bbox 1289 1747 1322 1805; x_wconf 93' lang='grc' dir='ltr'>ει</span> <span class='ocrx_word' id='word_1_164' title='bbox 1338 1737 1429 1806; x_wconf 82' lang='grc' dir='ltr'><strong>ιιιειὶ</strong></span> <span class='ocrx_word' id='word_1_165' title='bbox 1444 1731 1512 1808; x_wconf 90' lang='lat' dir='ltr'>hoc</span> <span class='ocrx_word' id='word_1_166' title='bbox 1527 1737 1763 1809; x_wconf 88' lang='lat' dir='ltr'>ministerium</span> <span class='ocrx_word' id='word_1_167' title='bbox 1780 1755 1872 1812; x_wconf 87' lang='lat' dir='ltr'>recte</span> <span class='ocrx_word' id='word_1_168' title='bbox 1888 1745 2105 1836; x_wconf 90' lang='lat' dir='ltr'>docentium,</span> 
     </span>
     <span class='ocr_line' id='line_1_15' title="bbox 48 1832 2102 1940; baseline 0.012 -45"><span class='ocrx_word' id='word_1_169' title='bbox 48 1892 50 1900; x_wconf 87' lang='grc'><em>,</em></span> <span class='ocrx_word' id='word_1_170' title='bbox 89 1836 189 1908; x_wconf 74' lang='lat' dir='ltr'>licum</span> <span class='ocrx_word' id='word_1_171' title='bbox 204 1849 340 1922; x_wconf 85' lang='lat' dir='ltr'>servat,</span> <span class='ocrx_word' id='word_1_172' title='bbox 365 1849 398 1906; x_wconf 91' lang='grc' dir='ltr'>ει</span> <span class='ocrx_word' id='word_1_173' title='bbox 419 1837 544 1908; x_wconf 85' lang='lat' dir='ltr'>excitat</span> <span class='ocrx_word' id='word_1_174' title='bbox 565 1837 640 1926; x_wconf 89' lang='lat' dir='ltr'>ipse</span> <span class='ocrx_word' id='word_1_175' title='bbox 656 1848 813 1925; x_wconf 89' lang='lat' dir='ltr'>pastores</span> <span class='ocrx_word' id='word_1_176' title='bbox 834 1847 870 1904; x_wconf 90' lang='lat' dir='ltr'>et</span> <span class='ocrx_word' id='word_1_177' title='bbox 882 1832 1068 1924; x_wconf 84' lang='lat' dir='ltr'>Doctores,</span> <span class='ocrx_word' id='word_1_178' title='bbox 1114 1837 1206 1908; x_wconf 90' lang='lat' dir='ltr'>sicut</span> <span class='ocrx_word' id='word_1_179' title='bbox 1236 1859 1339 1928; x_wconf 87' lang='lat' dir='ltr'>saepe</span> <span class='ocrx_word' id='word_1_180' title='bbox 1368 1838 1552 1930; x_wconf 71' lang='lat' dir='ltr'>scriptum*</span> <span class='ocrx_word' id='word_1_181' title='bbox 1567 1851 1620 1910; x_wconf 89' lang='lat' dir='ltr'>est</span> <span class='ocrx_word' id='word_1_182' title='bbox 1648 1835 1726 1922; x_wconf 71' lang='lat' dir='ltr'>’eet</span> <span class='ocrx_word' id='word_1_183' title='bbox 1750 1837 1915 1916; x_wconf 90' lang='lat' dir='ltr'>Christus</span> <span class='ocrx_word' id='word_1_184' title='bbox 1943 1846 2102 1940; x_wconf 80' lang='lat' dir='ltr'>inquit”:</span> 
     </span>
     <span class='ocr_line' id='line_1_16' title="bbox 89 1931 1688 2037; baseline 0.006 -29"><span class='ocrx_word' id='word_1_185' title='bbox 89 1939 224 2009; x_wconf 85' lang='lat' dir='ltr'>etfacit</span> <span class='ocrx_word' id='word_1_186' title='bbox 247 1939 415 2023; x_wconf 90' lang='lat' dir='ltr'>idoneos,</span> <span class='ocrx_word' id='word_1_187' title='bbox 439 1951 481 2008; x_wconf 91' lang='lat' dir='ltr'>ut</span> <span class='ocrx_word' id='word_1_188' title='bbox 501 1931 634 2028; x_wconf 85' lang='lat' dir='ltr'>Ephes.</span> <span class='ocrx_word' id='word_1_189' title='bbox 655 1935 691 2008; x_wconf 84' lang='lat'>4.</span> <span class='ocrx_word' id='word_1_190' title='bbox 718 1935 887 2027; x_wconf 88' lang='lat' dir='ltr'>scriptum</span> <span class='ocrx_word' id='word_1_191' title='bbox 913 1947 980 2004; x_wconf 89' lang='lat' dir='ltr'>eet:</span> <span class='ocrx_word' id='word_1_192' title='bbox 1013 1949 1068 2006; x_wconf 90' lang='lat' dir='ltr'>ta·</span> <span class='ocrx_word' id='word_1_193' title='bbox 1114 1931 1195 2032; x_wconf 80' lang='lat' dir='ltr'>Qui</span> <span class='ocrx_word' id='word_1_194' title='bbox 1209 1962 1270 2008; x_wconf 83' lang='lat' dir='ltr'>vos</span> <span class='ocrx_word' id='word_1_195' title='bbox 1284 1937 1443 2036; x_wconf 81' lang='lat' dir='ltr'>spernit,</span> <span class='ocrx_word' id='word_1_196' title='bbox 1468 1961 1524 2008; x_wconf 88' lang='lat' dir='ltr'>me</span> <span class='ocrx_word' id='word_1_197' title='bbox 1538 1937 1688 2037; x_wconf 69' lang='lat' dir='ltr'>sperari.</span> 
     </span>
     <span class='ocr_line' id='line_1_17' title="bbox 88 2035 2103 2144; baseline 0.008 -37"><span class='ocrx_word' id='word_1_198' title='bbox 88 2062 162 2108; x_wconf 89' lang='lat' dir='ltr'>men</span> <span class='ocrx_word' id='word_1_199' title='bbox 178 2054 211 2112; x_wconf 90' lang='lat' dir='ltr'>et</span> <span class='ocrx_word' id='word_1_200' title='bbox 225 2052 300 2111; x_wconf 91' lang='lat' dir='ltr'>tota</span> <span class='ocrx_word' id='word_1_201' title='bbox 309 2036 478 2124; x_wconf 87' lang='lat' dir='ltr'>Ecclesia,</span> <span class='ocrx_word' id='word_1_202' title='bbox 490 2052 527 2110; x_wconf 59' lang='lat' dir='ltr'>&#39;et</span> <span class='ocrx_word' id='word_1_203' title='bbox 542 2038 693 2107; x_wconf 84' lang='lat' dir='ltr'>maxime</span> <span class='ocrx_word' id='word_1_204' title='bbox 706 2037 894 2128; x_wconf 86' lang='lat' dir='ltr'>praecipua</span> <span class='ocrx_word' id='word_1_205' title='bbox 908 2035 1067 2105; x_wconf 88' lang='lat' dir='ltr'>membra</span> <span class='ocrx_word' id='word_1_206' title='bbox 1213 2039 1300 2111; x_wconf 87' lang='lat' dir='ltr'>Noti</span> <span class='ocrx_word' id='word_1_207' title='bbox 1330 2053 1413 2111; x_wconf 91' lang='lat' dir='ltr'>sunt</span> <span class='ocrx_word' id='word_1_208' title='bbox 1442 2054 1561 2127; x_wconf 80' lang='lat' dir='ltr'>autem</span> <span class='ocrx_word' id='word_1_209' title='bbox 1590 2043 1767 2134; x_wconf 67' lang='lat' dir='ltr'>manifesti</span> <span class='ocrx_word' id='word_1_210' title='bbox 1790 2045 1939 2136; x_wconf 85' lang='lat' dir='ltr'>abusus,</span> <span class='ocrx_word' id='word_1_211' title='bbox 1973 2051 2103 2144; x_wconf 88' lang='lat' dir='ltr'>quibus</span> 
     </span>
     <span class='ocr_line' id='line_1_18' title="bbox 87 2132 2104 2246; baseline 0.006 -35"><span class='ocrx_word' id='word_1_212' title='bbox 87 2137 256 2212; x_wconf 83' lang='lat' dir='ltr'>Ecclesiae</span> <span class='ocrx_word' id='word_1_213' title='bbox 272 2141 378 2211; x_wconf 86' lang='lat' dir='ltr'>etiarn</span> <span class='ocrx_word' id='word_1_214' title='bbox 400 2163 504 2211; x_wconf 89' lang='lat' dir='ltr'>suum</span> <span class='ocrx_word' id='word_1_215' title='bbox 527 2139 683 2209; x_wconf 92' lang='lat' dir='ltr'>studium</span> <span class='ocrx_word' id='word_1_216' title='bbox 701 2151 895 2232; x_wconf 89' lang='lat' dir='ltr'>et·operam</span> <span class='ocrx_word' id='word_1_217' title='bbox 913 2139 958 2208; x_wconf 89' lang='lat' dir='ltr'>ad</span> <span class='ocrx_word' id='word_1_218' title='bbox 975 2132 1068 2206; x_wconf 88' lang='lat' dir='ltr'>hanc</span> <span class='ocrx_word' id='word_1_219' title='bbox 1100 2141 1292 2226; x_wconf 90' lang='lat' dir='ltr'>ordinatio</span> <span class='ocrx_word' id='word_1_220' title='bbox 1308 2143 1430 2212; x_wconf 91' lang='lat' dir='ltr'>multis</span> <span class='ocrx_word' id='word_1_221' title='bbox 1444 2143 1515 2212; x_wconf 88' lang='lat' dir='ltr'>iarn</span> <span class='ocrx_word' id='word_1_222' title='bbox 1529 2145 1655 2215; x_wconf 88' lang='lat' dir='ltr'>seculis</span> <span class='ocrx_word' id='word_1_223' title='bbox 1666 2145 1850 2239; x_wconf 84' lang='lat' dir='ltr'>polluitur.</span> <span class='ocrx_word' id='word_1_224' title='bbox 1901 2147 2006 2222; x_wconf 89' lang='lat' dir='ltr'>Valet</span> <span class='ocrx_word' id='word_1_225' title='bbox 2022 2179 2104 2246; x_wconf 87' lang='lat' dir='ltr'>per-</span> 
     </span>
     <span class='ocr_line' id='line_1_19' title="bbox 88 2239 2208 2345; baseline 0.008 -34"><span class='ocrx_word' id='word_1_226' title='bbox 88 2264 155 2312; x_wconf 90' lang='lat' dir='ltr'>rem</span> <span class='ocrx_word' id='word_1_227' title='bbox 177 2245 338 2312; x_wconf 85' lang='lat' dir='ltr'>conferre</span> <span class='ocrx_word' id='word_1_228' title='bbox 365 2243 516 2326; x_wconf 89' lang='lat' dir='ltr'>debent,</span> <span class='ocrx_word' id='word_1_229' title='bbox 546 2253 587 2310; x_wconf 91' lang='lat' dir='ltr'>ut</span> <span class='ocrx_word' id='word_1_230' title='bbox 608 2253 861 2332; x_wconf 89' lang='lat' dir='ltr'>praeparentur</span> <span class='ocrx_word' id='word_1_231' title='bbox 890 2239 996 2308; x_wconf 90' lang='lat' dir='ltr'>multi</span> <span class='ocrx_word' id='word_1_232' title='bbox 1020 2239 1066 2308; x_wconf 86' lang='lat' dir='ltr'>ad</span> <span class='ocrx_word' id='word_1_233' title='bbox 1112 2243 1248 2328; x_wconf 86' lang='lat' dir='ltr'>suasio,</span> <span class='ocrx_word' id='word_1_234' title='bbox 1273 2246 1470 2314; x_wconf 89' lang='lat' dir='ltr'>sacerdotes</span> <span class='ocrx_word' id='word_1_235' title='bbox 1486 2247 1645 2316; x_wconf 85' lang='lat' dir='ltr'>ordinari</span> <span class='ocrx_word' id='word_1_236' title='bbox 1659 2261 1804 2342; x_wconf 89' lang='lat' dir='ltr'>propter</span> <span class='ocrx_word' id='word_1_237' title='bbox 1818 2245 1858 2345; x_wconf 80' lang='lat'>¹⁷)</span> <span class='ocrx_word' id='word_1_238' title='bbox 1881 2251 2102 2343; x_wconf 86' lang='lat' dir='ltr'>sacrificium,</span> <span class='ocrx_word' id='word_1_239' title='bbox 2203 2297 2208 2304; x_wconf 95' lang='lat'>·</span> 
     </span>
     <span class='ocr_line' id='line_1_20' title="bbox 88 2339 2100 2448; baseline 0.008 -37"><span class='ocrx_word' id='word_1_240' title='bbox 88 2367 209 2414; x_wconf 90' lang='lat' dir='ltr'>munus</span> <span class='ocrx_word' id='word_1_241' title='bbox 231 2345 405 2428; x_wconf 86' lang='lat' dir='ltr'>docendi,</span> <span class='ocrx_word' id='word_1_242' title='bbox 436 2357 471 2414; x_wconf 90' lang='lat' dir='ltr'>et</span> <span class='ocrx_word' id='word_1_243' title='bbox 492 2354 533 2412; x_wconf 93' lang='lat' dir='ltr'>ut</span> <span class='ocrx_word' id='word_1_244' title='bbox 558 2341 715 2412; x_wconf 89' lang='lat' dir='ltr'>instituti</span> <span class='ocrx_word' id='word_1_245' title='bbox 741 2365 781 2410; x_wconf 91' lang='lat' dir='ltr'>ac</span> <span class='ocrx_word' id='word_1_246' title='bbox 805 2339 909 2411; x_wconf 92' lang='lat' dir='ltr'>certis</span> <span class='ocrx_word' id='word_1_247' title='bbox 937 2339 1025 2410; x_wconf 85' lang='lat' dir='ltr'>loeis</span> <span class='ocrx_word' id='word_1_248' title='bbox 1045 2355 1080 2409; x_wconf 63' lang='lat' dir='ltr'>a*</span> <span class='ocrx_word' id='word_1_249' title='bbox 1113 2368 1186 2414; x_wconf 89' lang='lat' dir='ltr'>non</span> <span class='ocrx_word' id='word_1_250' title='bbox 1209 2346 1360 2414; x_wconf 87' lang='lat' dir='ltr'>docendi</span> <span class='ocrx_word' id='word_1_251' title='bbox 1384 2342 1573 2436; x_wconf 84' lang='lat' dir='ltr'>Evangelii</span> <span class='ocrx_word' id='word_1_252' title='bbox 1600 2371 1732 2420; x_wconf 85' lang='lat' dir='ltr'>caussa.</span> <span class='ocrx_word' id='word_1_253' title='bbox 1781 2347 1830 2421; x_wconf 90' lang='lat' dir='ltr'>Et</span> <span class='ocrx_word' id='word_1_254' title='bbox 1862 2345 1948 2424; x_wconf 86' lang='lat' dir='ltr'>baec</span> <span class='ocrx_word' id='word_1_255' title='bbox 1977 2357 2100 2448; x_wconf 92' lang='lat' dir='ltr'>opinio</span> 
     </span>
     <span class='ocr_line' id='line_1_21' title="bbox 87 2441 2101 2546; baseline 0.007 -30"><span class='ocrx_word' id='word_1_256' title='bbox 87 2446 189 2517; x_wconf 89' lang='lat' dir='ltr'>doctis</span> <span class='ocrx_word' id='word_1_257' title='bbox 223 2445 525 2516; x_wconf 80' lang='lat' dir='ltr'>examinatoribus</span> <span class='ocrx_word' id='word_1_258' title='bbox 557 2441 728 2534; x_wconf 83' lang='lat' dir='ltr'>explorati</span> <span class='ocrx_word' id='word_1_259' title='bbox 757 2441 990 2512; x_wconf 89' lang='lat' dir='ltr'>admittantur</span> <span class='ocrx_word' id='word_1_260' title='bbox 1020 2442 1066 2511; x_wconf 92' lang='lat' dir='ltr'>ad</span> <span class='ocrx_word' id='word_1_261' title='bbox 1113 2446 1210 2516; x_wconf 82' lang='lat' dir='ltr'>aurit</span> <span class='ocrx_word' id='word_1_262' title='bbox 1230 2469 1421 2516; x_wconf 88' lang='lat' dir='ltr'>numerum</span> <span class='ocrx_word' id='word_1_263' title='bbox 1442 2448 1736 2522; x_wconf 85' lang='lat' dir='ltr'>sacrificulorum:</span> <span class='ocrx_word' id='word_1_264' title='bbox 1770 2449 1865 2542; x_wconf 89' lang='lat' dir='ltr'>Qnia</span> <span class='ocrx_word' id='word_1_265' title='bbox 1885 2467 2012 2546; x_wconf 87' lang='lat' dir='ltr'>putant</span> <span class='ocrx_word' id='word_1_266' title='bbox 2035 2455 2101 2530; x_wconf 84' lang='lat' dir='ltr'>lao-</span> 
     </span>
     <span class='ocr_line' id='line_1_22' title="bbox 86 2545 2102 2648; baseline 0.026 -68"><span class='ocrx_word' id='word_1_267' title='bbox 86 2547 334 2632; x_wconf 54' lang='lat' dir='ltr'>ministerium,</span> <span class='ocrx_word' id='word_1_268' title='bbox 358 2560 419 2616; x_wconf 56' lang='lat' dir='ltr'>,ut</span> <span class='ocrx_word' id='word_1_269' title='bbox 433 2545 651 2616; x_wconf 59' lang='lat' dir='ltr'>„gastigmug</span> <span class='ocrx_word' id='word_1_270' title='bbox 1112 2549 1244 2632; x_wconf 90' lang='lat' dir='ltr'>mines,</span> <span class='ocrx_word' id='word_1_271' title='bbox 1270 2549 1450 2620; x_wconf 89' lang='lat' dir='ltr'>cumulare</span> <span class='ocrx_word' id='word_1_272' title='bbox 1466 2545 1551 2620; x_wconf 87' lang='lat' dir='ltr'>haec</span> <span class='ocrx_word' id='word_1_273' title='bbox 1564 2553 1750 2640; x_wconf 81' lang='lat' dir='ltr'>sacrificia,</span> <span class='ocrx_word' id='word_1_274' title='bbox 1773 2556 2002 2648; x_wconf 84' lang='lat' dir='ltr'>praecipuum</span> <span class='ocrx_word' id='word_1_275' title='bbox 2025 2563 2102 2632; x_wconf 89' lang='lat' dir='ltr'>cul-</span> 
     </span>
     <span class='ocr_line' id='line_1_23' title="bbox 176 2637 2100 2752; baseline 0.009 -34"><span class='ocrx_word' id='word_1_276' title='bbox 176 2647 247 2718; x_wconf 88' lang='lat' dir='ltr'>Hic</span> <span class='ocrx_word' id='word_1_277' title='bbox 261 2649 364 2718; x_wconf 89' lang='lat' dir='ltr'>labor</span> <span class='ocrx_word' id='word_1_278' title='bbox 374 2649 562 2718; x_wconf 89' lang='lat' dir='ltr'>mandatus</span> <span class='ocrx_word' id='word_1_279' title='bbox 576 2645 646 2714; x_wconf 82' lang='lat' dir='ltr'>tote</span> <span class='ocrx_word' id='word_1_280' title='bbox 659 2641 746 2712; x_wconf 87' lang='lat' dir='ltr'>olim</span> <span class='ocrx_word' id='word_1_281' title='bbox 760 2637 957 2734; x_wconf 86' lang='lat' dir='ltr'>Episcopis.</span> <span class='ocrx_word' id='word_1_282' title='bbox 993 2640 1063 2713; x_wconf 85' lang='lat' dir='ltr'>Sed</span> <span class='ocrx_word' id='word_1_283' title='bbox 1112 2661 1189 2718; x_wconf 90' lang='lat' dir='ltr'>tum</span> <span class='ocrx_word' id='word_1_284' title='bbox 1209 2647 1279 2720; x_wconf 91' lang='lat' dir='ltr'>Dei</span> <span class='ocrx_word' id='word_1_285' title='bbox 1302 2673 1387 2724; x_wconf 90' lang='lat' dir='ltr'>esse.</span> <span class='ocrx_word' id='word_1_286' title='bbox 1443 2649 1565 2739; x_wconf 81' lang='lat' dir='ltr'>Quare</span> <span class='ocrx_word' id='word_1_287' title='bbox 1587 2653 1633 2738; x_wconf 89' lang='lat' dir='ltr'>ii,</span> <span class='ocrx_word' id='word_1_288' title='bbox 1665 2654 1729 2749; x_wconf 90' lang='lat' dir='ltr'>qui</span> <span class='ocrx_word' id='word_1_289' title='bbox 1752 2655 1972 2728; x_wconf 88' lang='lat' dir='ltr'>ordinationi</span> <span class='ocrx_word' id='word_1_290' title='bbox 1997 2685 2100 2752; x_wconf 89' lang='lat' dir='ltr'>prae-</span> 
     </span>
     <span class='ocr_line' id='line_1_24' title="bbox 16 2743 2101 2853; baseline 0.01 -38"><span class='ocrx_word' id='word_1_291' title='bbox 16 2757 17 2760; x_wconf 76' lang='grc'>’</span> <span class='ocrx_word' id='word_1_292' title='bbox 86 2749 222 2840; x_wconf 90' lang='lat' dir='ltr'>plurimi</span> <span class='ocrx_word' id='word_1_293' title='bbox 247 2750 312 2820; x_wconf 93' lang='lat' dir='ltr'>diu</span> <span class='ocrx_word' id='word_1_294' title='bbox 336 2747 409 2818; x_wconf 89' lang='lat' dir='ltr'>iarn</span> <span class='ocrx_word' id='word_1_295' title='bbox 430 2769 591 2836; x_wconf 87' lang='lat' dir='ltr'>magnam</span> <span class='ocrx_word' id='word_1_296' title='bbox 606 2743 787 2815; x_wconf 90' lang='lat' dir='ltr'>saevitiam</span> <span class='ocrx_word' id='word_1_297' title='bbox 808 2756 971 2814; x_wconf 82' lang='lat' dir='ltr'>exercent</span> <span class='ocrx_word' id='word_1_298' title='bbox 991 2743 1063 2812; x_wconf 89' lang='lat' dir='ltr'>irno</span> <span class='ocrx_word' id='word_1_299' title='bbox 1111 2749 1275 2834; x_wconf 84' lang='lat' dir='ltr'>suerunt,</span> <span class='ocrx_word' id='word_1_300' title='bbox 1314 2751 1536 2824; x_wconf 87' lang='lat' dir='ltr'>admiserunt</span> <span class='ocrx_word' id='word_1_301' title='bbox 1571 2753 1736 2827; x_wconf 88' lang='lat' dir='ltr'>indoctos</span> <span class='ocrx_word' id='word_1_302' title='bbox 1767 2755 1845 2827; x_wconf 85' lang='lat' dir='ltr'>sine</span> <span class='ocrx_word' id='word_1_303' title='bbox 1885 2760 2101 2853; x_wconf 85' lang='lat' dir='ltr'>discrimine,</span> 
     </span>
     <span class='ocr_line' id='line_1_25' title="bbox 87 2844 2102 2954; baseline 0.008 -33"><span class='ocrx_word' id='word_1_304' title='bbox 87 2865 171 2922; x_wconf 85' lang='lat' dir='ltr'>recte</span> <span class='ocrx_word' id='word_1_305' title='bbox 194 2852 378 2936; x_wconf 87' lang='lat' dir='ltr'>docentes,</span> <span class='ocrx_word' id='word_1_306' title='bbox 402 2863 436 2920; x_wconf 91' lang='lat' dir='ltr'>et</span> <span class='ocrx_word' id='word_1_307' title='bbox 460 2871 534 2918; x_wconf 87' lang='lat' dir='ltr'>non</span> <span class='ocrx_word' id='word_1_308' title='bbox 557 2847 672 2918; x_wconf 90' lang='lat' dir='ltr'>solum</span> <span class='ocrx_word' id='word_1_309' title='bbox 693 2844 869 2915; x_wconf 87' lang='lat' dir='ltr'>dioeceses</span> <span class='ocrx_word' id='word_1_310' title='bbox 891 2866 969 2914; x_wconf 87' lang='lat' dir='ltr'>suas</span> <span class='ocrx_word' id='word_1_311' title='bbox 988 2867 1064 2913; x_wconf 93' lang='lat' dir='ltr'>non</span> <span class='ocrx_word' id='word_1_312' title='bbox 1112 2873 1192 2920; x_wconf 90' lang='lat' dir='ltr'>cum</span> <span class='ocrx_word' id='word_1_313' title='bbox 1217 2852 1286 2920; x_wconf 90' lang='lat' dir='ltr'>soli</span> <span class='ocrx_word' id='word_1_314' title='bbox 1304 2852 1360 2920; x_wconf 93' lang='lat' dir='ltr'>illi</span> <span class='ocrx_word' id='word_1_315' title='bbox 1382 2852 1532 2926; x_wconf 86' lang='lat' dir='ltr'>fuissent</span> <span class='ocrx_word' id='word_1_316' title='bbox 1546 2856 1775 2941; x_wconf 89' lang='lat' dir='ltr'>admittendi,</span> <span class='ocrx_word' id='word_1_317' title='bbox 1800 2859 1863 2954; x_wconf 88' lang='lat' dir='ltr'>qui</span> <span class='ocrx_word' id='word_1_318' title='bbox 1876 2863 2102 2938; x_wconf 86' lang='lat' dir='ltr'>mediocriter</span> 
     </span>
     <span class='ocr_line' id='line_1_26' title="bbox 86 2943 1930 3052; baseline 0.01 -35"><span class='ocrx_word' id='word_1_319' title='bbox 86 2965 216 3039; x_wconf 85' lang='lat' dir='ltr'>curant,</span> <span class='ocrx_word' id='word_1_320' title='bbox 241 2954 305 3023; x_wconf 91' lang='lat' dir='ltr'>sed</span> <span class='ocrx_word' id='word_1_321' title='bbox 321 2977 366 3022; x_wconf 91' lang='lat' dir='ltr'>ne</span> <span class='ocrx_word' id='word_1_322' title='bbox 382 2973 525 3022; x_wconf 90' lang='lat' dir='ltr'>suarum</span> <span class='ocrx_word' id='word_1_323' title='bbox 541 2948 686 3042; x_wconf 90' lang='lat' dir='ltr'>quidem</span> <span class='ocrx_word' id='word_1_324' title='bbox 700 2945 879 3016; x_wconf 88' lang='lat' dir='ltr'>ditionum</span> <span class='ocrx_word' id='word_1_325' title='bbox 895 2943 1064 3016; x_wconf 88' lang='lat' dir='ltr'>Ecclesiis</span> <span class='ocrx_word' id='word_1_326' title='bbox 1111 2952 1238 3022; x_wconf 89' lang='lat' dir='ltr'>docere</span> <span class='ocrx_word' id='word_1_327' title='bbox 1250 2954 1423 3046; x_wconf 88' lang='lat' dir='ltr'>populum</span> <span class='ocrx_word' id='word_1_328' title='bbox 1438 2956 1482 3025; x_wconf 92' lang='lat' dir='ltr'>de</span> <span class='ocrx_word' id='word_1_329' title='bbox 1498 2979 1581 3026; x_wconf 89' lang='lat' dir='ltr'>vera</span> <span class='ocrx_word' id='word_1_330' title='bbox 1598 2957 1759 3029; x_wconf 81' lang='lat' dir='ltr'>doctrina</span> <span class='ocrx_word' id='word_1_331' title='bbox 1774 2973 1930 3052; x_wconf 88' lang='lat' dir='ltr'>possent.</span> 
     </span>
     <span class='ocr_line' id='line_1_27' title="bbox 86 3042 2099 3159; baseline 0.013 -46"><span class='ocrx_word' id='word_1_332' title='bbox 86 3068 233 3146; x_wconf 73' lang='lat' dir='ltr'>pastores</span> <span class='ocrx_word' id='word_1_333' title='bbox 265 3053 493 3147; x_wconf 84' lang='lat' dir='ltr'>praeficiunt,</span> <span class='ocrx_word' id='word_1_334' title='bbox 517 3061 551 3120; x_wconf 86' lang='lat' dir='ltr'>et</span> <span class='ocrx_word' id='word_1_335' title='bbox 577 3072 667 3140; x_wconf 90' lang='lat' dir='ltr'>pene</span> <span class='ocrx_word' id='word_1_336' title='bbox 688 3042 860 3116; x_wconf 88' lang='lat' dir='ltr'>Ethuicas</span> <span class='ocrx_word' id='word_1_337' title='bbox 884 3047 1063 3118; x_wconf 87' lang='lat' dir='ltr'>vastitates</span> <span class='ocrx_word' id='word_1_338' title='bbox 1210 3051 1284 3124; x_wconf 90' lang='lat' dir='ltr'>lam</span> <span class='ocrx_word' id='word_1_339' title='bbox 1302 3055 1364 3124; x_wconf 91' lang='lat' dir='ltr'>sic</span> <span class='ocrx_word' id='word_1_340' title='bbox 1390 3057 1537 3127; x_wconf 88' lang='lat' dir='ltr'>ncordia</span> <span class='ocrx_word' id='word_1_341' title='bbox 1554 3059 1799 3132; x_wconf 90' lang='lat' dir='ltr'>constituenda</span> <span class='ocrx_word' id='word_1_342' title='bbox 1814 3075 1876 3147; x_wconf 89' lang='lat' dir='ltr'>est,</span> <span class='ocrx_word' id='word_1_343' title='bbox 1901 3077 1937 3136; x_wconf 93' lang='lat' dir='ltr'>et</span> <span class='ocrx_word' id='word_1_344' title='bbox 1949 3061 2099 3159; x_wconf 87' lang='lat' dir='ltr'>Episco-</span> 
     </span>
     <span class='ocr_line' id='line_1_28' title="bbox 87 3135 2099 3250; baseline 0.019 -33"><span class='ocrx_word' id='word_1_345' title='bbox 87 3155 246 3228; x_wconf 78' lang='lat' dir='ltr'>efficiunt.</span> <span class='ocrx_word' id='word_1_346' title='bbox 306 3153 392 3224; x_wconf 89' lang='lat' dir='ltr'>Ideo</span> <span class='ocrx_word' id='word_1_347' title='bbox 412 3173 550 3222; x_wconf 90' lang='lat' dir='ltr'>necesse</span> <span class='ocrx_word' id='word_1_348' title='bbox 569 3163 622 3220; x_wconf 90' lang='lat' dir='ltr'>est</span> <span class='ocrx_word' id='word_1_349' title='bbox 642 3149 851 3234; x_wconf 89' lang='lat' dir='ltr'>deliberari,</span> <span class='ocrx_word' id='word_1_350' title='bbox 882 3149 1077 3242; x_wconf 79' lang='lat' dir='ltr'>quomodo,</span> <span class='ocrx_word' id='word_1_351' title='bbox 1109 3154 1165 3245; x_wconf 94' lang='lat' dir='ltr'>pis</span> <span class='ocrx_word' id='word_1_352' title='bbox 1184 3181 1299 3226; x_wconf 89' lang='lat' dir='ltr'>comm</span> <span class='ocrx_word' id='word_1_353' title='bbox 1373 3135 1465 3240; x_wconf 64' lang='lat' dir='ltr'>duda</span> <span class='ocrx_word' id='word_1_354' title='bbox 1488 3159 1725 3232; x_wconf 57' lang='lat' dir='ltr'>ordinatim</span> <span class='ocrx_word' id='word_1_355' title='bbox 1743 3165 1933 3250; x_wconf 63' lang='grc' dir='ltr'><strong>θῑῑῑθιὶῑᾶιι</strong></span> <span class='ocrx_word' id='word_1_356' title='bbox 1958 3191 2099 3242; x_wconf 66' lang='lat' dir='ltr'>necesse</span> 
     </span>
     <span class='ocr_line' id='line_1_29' title="bbox 84 3249 2100 3350; baseline 0.025 -58"><span class='ocrx_word' id='word_1_357' title='bbox 84 3261 262 3330; x_wconf 59' lang='lat' dir='ltr'>universae</span> <span class='ocrx_word' id='word_1_358' title='bbox 278 3253 457 3337; x_wconf 51' lang='lat' dir='ltr'>Ecclesiae</span> <span class='ocrx_word' id='word_1_359' title='bbox 472 3251 728 3322; x_wconf 59' lang='lat' dir='ltr'>consulendum</span> <span class='ocrx_word' id='word_1_360' title='bbox 743 3249 799 3324; x_wconf 89' lang='lat' dir='ltr'>sit.</span> <span class='ocrx_word' id='word_1_361' title='bbox 1110 3271 1161 3327; x_wconf 89' lang='lat' dir='ltr'>est</span> <span class='ocrx_word' id='word_1_362' title='bbox 1177 3259 1277 3350; x_wconf 88' lang='lat' dir='ltr'>prius</span> <span class='ocrx_word' id='word_1_363' title='bbox 1291 3259 1473 3329; x_wconf 88' lang='lat' dir='ltr'>doctrinae</span> <span class='ocrx_word' id='word_1_364' title='bbox 1491 3283 1700 3331; x_wconf 89' lang='lat' dir='ltr'>eonsensum</span> <span class='ocrx_word' id='word_1_365' title='bbox 1715 3261 1806 3350; x_wconf 89' lang='lat' dir='ltr'>esse,</span> <span class='ocrx_word' id='word_1_366' title='bbox 1830 3277 1871 3336; x_wconf 89' lang='lat' dir='ltr'>ut</span> <span class='ocrx_word' id='word_1_367' title='bbox 1885 3267 2018 3342; x_wconf 88' lang='lat' dir='ltr'>dictum</span> <span class='ocrx_word' id='word_1_368' title='bbox 2037 3288 2100 3350; x_wconf 90' lang='lat' dir='ltr'>est.</span> 
     </span>
     <span class='ocr_line' id='line_1_30' title="bbox 174 3349 2099 3451; baseline 0.008 -22"><span class='ocrx_word' id='word_1_369' title='bbox 174 3357 256 3434; x_wconf 88' lang='lat' dir='ltr'>Etsi</span> <span class='ocrx_word' id='word_1_370' title='bbox 267 3355 455 3451; x_wconf 88' lang='lat' dir='ltr'>Episcopis</span> <span class='ocrx_word' id='word_1_371' title='bbox 469 3354 638 3425; x_wconf 88' lang='lat' dir='ltr'>autoritas</span> <span class='ocrx_word' id='word_1_372' title='bbox 651 3349 887 3424; x_wconf 88' lang='lat' dir='ltr'>ordinationis</span> <span class='ocrx_word' id='word_1_373' title='bbox 901 3349 1064 3421; x_wconf 89' lang='lat' dir='ltr'>tribuen·</span> <span class='ocrx_word' id='word_1_374' title='bbox 1110 3355 1250 3430; x_wconf 89' lang='lat' dir='ltr'>Deinde</span> <span class='ocrx_word' id='word_1_375' title='bbox 1266 3375 1300 3433; x_wconf 91' lang='lat' dir='ltr'>et</span> <span class='ocrx_word' id='word_1_376' title='bbox 1316 3364 1482 3431; x_wconf 87' lang='lat' dir='ltr'>mandata</span> <span class='ocrx_word' id='word_1_377' title='bbox 1506 3363 1743 3434; x_wconf 86' lang='lat' dir='ltr'>ordinationis</span> <span class='ocrx_word' id='word_1_378' title='bbox 1761 3367 1892 3438; x_wconf 88' lang='lat' dir='ltr'>deutur</span> <span class='ocrx_word' id='word_1_379' title='bbox 1907 3371 1951 3439; x_wconf 90' lang='lat' dir='ltr'>de</span> <span class='ocrx_word' id='word_1_380' title='bbox 1968 3373 2099 3444; x_wconf 91' lang='lat' dir='ltr'>docen-</span> 
     </span>
     <span class='ocr_line' id='line_1_31' title="bbox 85 3451 2100 3562; baseline 0.007 -30"><span class='ocrx_word' id='word_1_381' title='bbox 85 3459 126 3532; x_wconf 87' lang='lat' dir='ltr'>da</span> <span class='ocrx_word' id='word_1_382' title='bbox 146 3474 216 3548; x_wconf 88' lang='grc' dir='ltr'><strong>εει,</strong></span> <span class='ocrx_word' id='word_1_383' title='bbox 241 3481 382 3531; x_wconf 87' lang='lat' dir='ltr'>necesse</span> <span class='ocrx_word' id='word_1_384' title='bbox 406 3469 459 3527; x_wconf 92' lang='lat' dir='ltr'>est</span> <span class='ocrx_word' id='word_1_385' title='bbox 478 3468 519 3526; x_wconf 90' lang='lat' dir='ltr'>ut</span> <span class='ocrx_word' id='word_1_386' title='bbox 537 3477 636 3525; x_wconf 90' lang='lat' dir='ltr'>suam</span> <span class='ocrx_word' id='word_1_387' title='bbox 662 3466 818 3524; x_wconf 90' lang='lat' dir='ltr'>mentem</span> <span class='ocrx_word' id='word_1_388' title='bbox 840 3452 884 3522; x_wconf 90' lang='lat' dir='ltr'>de</span> <span class='ocrx_word' id='word_1_389' title='bbox 902 3451 1064 3522; x_wconf 89' lang='lat' dir='ltr'>doctrina</span> <span class='ocrx_word' id='word_1_390' title='bbox 1111 3461 1158 3530; x_wconf 93' lang='lat' dir='ltr'>do</span> <span class='ocrx_word' id='word_1_391' title='bbox 1172 3459 1386 3553; x_wconf 85' lang='lat' dir='ltr'>Evangelio,</span> <span class='ocrx_word' id='word_1_392' title='bbox 1408 3475 1444 3533; x_wconf 93' lang='grc' dir='ltr'>ει</span> <span class='ocrx_word' id='word_1_393' title='bbox 1457 3464 1766 3538; x_wconf 87' lang='lat' dir='ltr'>administratione</span> <span class='ocrx_word' id='word_1_394' title='bbox 1780 3467 2100 3562; x_wconf 77' lang='lat' dir='ltr'>sacramentorum,</span> 
     </span>
     <span class='ocr_line' id='line_1_32' title="bbox 86 3548 2098 3661; baseline 0.013 -39"><span class='ocrx_word' id='word_1_395' title='bbox 86 3563 268 3633; x_wconf 75' lang='lat' dir='ltr'>declarent.</span> <span class='ocrx_word' id='word_1_396' title='bbox 316 3557 409 3630; x_wconf 88' lang='lat' dir='ltr'>Nam</span> <span class='ocrx_word' id='word_1_397' title='bbox 427 3557 458 3628; x_wconf 93' lang='lat' dir='ltr'>si</span> <span class='ocrx_word' id='word_1_398' title='bbox 482 3567 587 3628; x_wconf 91' lang='lat' dir='ltr'>erunt</span> <span class='ocrx_word' id='word_1_399' title='bbox 608 3568 649 3658; x_wconf 61' lang='grc' dir='ltr'>ειι</span> <span class='ocrx_word' id='word_1_400' title='bbox 663 3554 859 3623; x_wconf 89' lang='lat' dir='ltr'>manebunt</span> <span class='ocrx_word' id='word_1_401' title='bbox 875 3548 1065 3644; x_wconf 87' lang='lat' dir='ltr'>Evangelii</span> <span class='ocrx_word' id='word_1_402' title='bbox 1110 3585 1186 3632; x_wconf 91' lang='lat' dir='ltr'>non</span> <span class='ocrx_word' id='word_1_403' title='bbox 1211 3565 1255 3634; x_wconf 90' lang='lat' dir='ltr'>de</span> <span class='ocrx_word' id='word_1_404' title='bbox 1278 3565 1358 3634; x_wconf 88' lang='lat' dir='ltr'>aliis</span> <span class='ocrx_word' id='word_1_405' title='bbox 1378 3565 1562 3656; x_wconf 89' lang='lat' dir='ltr'>operibus,</span> <span class='ocrx_word' id='word_1_406' title='bbox 1587 3579 1627 3636; x_wconf 90' lang='lat' dir='ltr'>ut</span> <span class='ocrx_word' id='word_1_407' title='bbox 1649 3567 1844 3640; x_wconf 85' lang='lat' dir='ltr'>sacrificent</span> <span class='ocrx_word' id='word_1_408' title='bbox 1864 3595 1930 3661; x_wconf 94' lang='lat' dir='ltr'>pro</span> <span class='ocrx_word' id='word_1_409' title='bbox 1953 3575 2045 3646; x_wconf 89' lang='lat' dir='ltr'>vivis</span> <span class='ocrx_word' id='word_1_410' title='bbox 2064 3593 2098 3650; x_wconf 90' lang='grc' dir='ltr'>ει</span> 
     </span>
     <span class='ocr_line' id='line_1_33' title="bbox 85 3653 2098 3768; baseline 0.012 -42"><span class='ocrx_word' id='word_1_411' title='bbox 85 3657 215 3752; x_wconf 82' lang='lat' dir='ltr'>hostes,</span> <span class='ocrx_word' id='word_1_412' title='bbox 238 3685 306 3732; x_wconf 88' lang='lat' dir='ltr'>nee</span> <span class='ocrx_word' id='word_1_413' title='bbox 325 3659 449 3730; x_wconf 88' lang='lat' dir='ltr'>volent</span> <span class='ocrx_word' id='word_1_414' title='bbox 466 3657 560 3729; x_wconf 88' lang='lat' dir='ltr'>ullos</span> <span class='ocrx_word' id='word_1_415' title='bbox 581 3657 627 3724; x_wconf 89' lang='lat' dir='ltr'>ad</span> <span class='ocrx_word' id='word_1_416' title='bbox 650 3653 912 3724; x_wconf 88' lang='lat' dir='ltr'>ordinationem</span> <span class='ocrx_word' id='word_1_417' title='bbox 935 3653 1064 3724; x_wconf 89' lang='lat' dir='ltr'>admit·</span> <span class='ocrx_word' id='word_1_418' title='bbox 1109 3667 1273 3738; x_wconf 87' lang='lat' dir='ltr'>mortuis.</span> <span class='ocrx_word' id='word_1_419' title='bbox 1311 3663 1384 3736; x_wconf 89' lang='lat' dir='ltr'>Nec</span> <span class='ocrx_word' id='word_1_420' title='bbox 1400 3669 1600 3737; x_wconf 84' lang='lat' dir='ltr'>onerandas</span> <span class='ocrx_word' id='word_1_421' title='bbox 1615 3683 1720 3740; x_wconf 90' lang='lat' dir='ltr'>erunt</span> <span class='ocrx_word' id='word_1_422' title='bbox 1734 3672 1968 3744; x_wconf 89' lang='lat' dir='ltr'>conscientiae</span> <span class='ocrx_word' id='word_1_423' title='bbox 1987 3676 2098 3768; x_wconf 89' lang='lat' dir='ltr'>impia</span> 
     </span>
     <span class='ocr_line' id='line_1_34' title="bbox 85 3755 2099 3864; baseline 0.009 -32"><span class='ocrx_word' id='word_1_424' title='bbox 85 3777 168 3851; x_wconf 89' lang='lat' dir='ltr'>tere,</span> <span class='ocrx_word' id='word_1_425' title='bbox 191 3767 270 3836; x_wconf 88' lang='lat' dir='ltr'>sine</span> <span class='ocrx_word' id='word_1_426' title='bbox 285 3761 501 3852; x_wconf 86' lang='lat' dir='ltr'>obligatione</span> <span class='ocrx_word' id='word_1_427' title='bbox 515 3759 560 3829; x_wconf 89' lang='lat' dir='ltr'>ad</span> <span class='ocrx_word' id='word_1_428' title='bbox 575 3756 720 3847; x_wconf 89' lang='lat' dir='ltr'>impiam</span> <span class='ocrx_word' id='word_1_429' title='bbox 735 3755 945 3838; x_wconf 88' lang='lat' dir='ltr'>doctrinam,</span> <span class='ocrx_word' id='word_1_430' title='bbox 969 3769 1003 3825; x_wconf 92' lang='lat' dir='ltr'>et</span> <span class='ocrx_word' id='word_1_431' title='bbox 1017 3757 1063 3824; x_wconf 89' lang='lat' dir='ltr'>ad</span> <span class='ocrx_word' id='word_1_432' title='bbox 1110 3765 1186 3854; x_wconf 83' lang='lat' dir='ltr'>lege</span> <span class='ocrx_word' id='word_1_433' title='bbox 1208 3767 1419 3852; x_wconf 90' lang='lat' dir='ltr'>coelibatus,</span> <span class='ocrx_word' id='word_1_434' title='bbox 1444 3791 1533 3861; x_wconf 89' lang='lat' dir='ltr'>quae</span> <span class='ocrx_word' id='word_1_435' title='bbox 1552 3770 1721 3841; x_wconf 91' lang='lat' dir='ltr'>omnibus</span> <span class='ocrx_word' id='word_1_436' title='bbox 1738 3775 1957 3864; x_wconf 89' lang='lat' dir='ltr'>temporibus</span> <span class='ocrx_word' id='word_1_437' title='bbox 1978 3802 2099 3852; x_wconf 88' lang='lat' dir='ltr'>caussa</span> 
     </span>
     <span class='ocr_line' id='line_1_35' title="bbox 85 3855 2099 3972; baseline 0.011 -43"><span class='ocrx_word' id='word_1_438' title='bbox 85 3867 265 3937; x_wconf 88' lang='lat' dir='ltr'>delendam</span> <span class='ocrx_word' id='word_1_439' title='bbox 283 3864 484 3944; x_wconf 88' lang='lat' dir='ltr'>veritatem,</span> <span class='ocrx_word' id='word_1_440' title='bbox 508 3881 583 3930; x_wconf 90' lang='lat' dir='ltr'>non</span> <span class='ocrx_word' id='word_1_441' title='bbox 605 3856 736 3948; x_wconf 89' lang='lat' dir='ltr'>poterit</span> <span class='ocrx_word' id='word_1_442' title='bbox 751 3857 796 3925; x_wconf 91' lang='lat' dir='ltr'>ab</span> <span class='ocrx_word' id='word_1_443' title='bbox 812 3855 862 3925; x_wconf 90' lang='lat' dir='ltr'>eis</span> <span class='ocrx_word' id='word_1_444' title='bbox 885 3855 1063 3927; x_wconf 87' lang='lat' dir='ltr'>ordinatio</span> <span class='ocrx_word' id='word_1_445' title='bbox 1109 3867 1179 3938; x_wconf 83' lang='lat' dir='ltr'>suit</span> <span class='ocrx_word' id='word_1_446' title='bbox 1193 3868 1388 3939; x_wconf 88' lang='lat' dir='ltr'>multorum</span> <span class='ocrx_word' id='word_1_447' title='bbox 1410 3869 1689 3942; x_wconf 86' lang='lat' dir='ltr'>tristissimomm</span> <span class='ocrx_word' id='word_1_448' title='bbox 1704 3871 1893 3960; x_wconf 90' lang='lat' dir='ltr'>scelerum,</span> <span class='ocrx_word' id='word_1_449' title='bbox 1923 3889 1957 3946; x_wconf 88' lang='lat' dir='ltr'>et</span> <span class='ocrx_word' id='word_1_450' title='bbox 1973 3903 2099 3972; x_wconf 88' lang='lat' dir='ltr'>perpe-</span> 
     </span>
     <span class='ocr_line' id='line_1_36' title="bbox 83 3956 2099 4059; baseline 0.009 -24"><span class='ocrx_word' id='word_1_451' title='bbox 83 3967 161 4059; x_wconf 90' lang='lat' dir='ltr'>peti.</span> <span class='ocrx_word' id='word_1_452' title='bbox 212 3966 285 4040; x_wconf 88' lang='lat' dir='ltr'>Sed</span> <span class='ocrx_word' id='word_1_453' title='bbox 305 3964 335 4034; x_wconf 90' lang='lat' dir='ltr'>si</span> <span class='ocrx_word' id='word_1_454' title='bbox 353 3987 477 4033; x_wconf 89' lang='lat' dir='ltr'>veram</span> <span class='ocrx_word' id='word_1_455' title='bbox 490 3959 707 4042; x_wconf 89' lang='lat' dir='ltr'>doctrinam,</span> <span class='ocrx_word' id='word_1_456' title='bbox 731 3956 893 4048; x_wconf 86' lang='lat' dir='ltr'>amplecti</span> <span class='ocrx_word' id='word_1_457' title='bbox 915 3969 950 4028; x_wconf 81' lang='lat' dir='ltr'>et</span> <span class='ocrx_word' id='word_1_458' title='bbox 972 3957 1065 4028; x_wconf 70' lang='lat' dir='ltr'>tueri</span> <span class='ocrx_word' id='word_1_459' title='bbox 1110 3967 1165 4039; x_wconf 87' lang='lat' dir='ltr'>tui</span> <span class='ocrx_word' id='word_1_460' title='bbox 1178 3969 1276 4039; x_wconf 86' lang='lat' dir='ltr'>exitii</span> <span class='ocrx_word' id='word_1_461' title='bbox 1291 3965 1641 4042; x_wconf 87' lang='lat' dir='ltr'>multisbominibus.</span> <span class='ocrx_word' id='word_1_462' title='bbox 1679 3969 1728 4043; x_wconf 87' lang='lat' dir='ltr'>Et</span> <span class='ocrx_word' id='word_1_463' title='bbox 1742 3975 1781 4042; x_wconf 91' lang='lat' dir='ltr'>in</span> <span class='ocrx_word' id='word_1_464' title='bbox 1798 3977 1965 4048; x_wconf 86' lang='lat' dir='ltr'>universo</span> <span class='ocrx_word' id='word_1_465' title='bbox 1982 4003 2099 4052; x_wconf 87' lang='lat' dir='ltr'>sacer-</span> 
     </span>
     <span class='ocr_line' id='line_1_37' title="bbox 84 4059 2099 4165; baseline 0.012 -34"><span class='ocrx_word' id='word_1_466' title='bbox 84 4067 227 4154; x_wconf 80' lang='lat' dir='ltr'>vellent,</span> <span class='ocrx_word' id='word_1_467' title='bbox 258 4080 293 4137; x_wconf 91' lang='lat' dir='ltr'>et</span> <span class='ocrx_word' id='word_1_468' title='bbox 313 4065 450 4136; x_wconf 88' lang='lat' dir='ltr'>idoneis</span> <span class='ocrx_word' id='word_1_469' title='bbox 475 4059 680 4132; x_wconf 90' lang='lat' dir='ltr'>hominibus</span> <span class='ocrx_word' id='word_1_470' title='bbox 708 4079 853 4128; x_wconf 84' lang='lat' dir='ltr'>examen</span> <span class='ocrx_word' id='word_1_471' title='bbox 883 4077 1064 4129; x_wconf 88' lang='lat' dir='ltr'>commen·</span> <span class='ocrx_word' id='word_1_472' title='bbox 1111 4072 1236 4142; x_wconf 90' lang='lat' dir='ltr'>dotum</span> <span class='ocrx_word' id='word_1_473' title='bbox 1250 4073 1375 4140; x_wconf 87' lang='lat' dir='ltr'>ordine</span> <span class='ocrx_word' id='word_1_474' title='bbox 1390 4071 1445 4140; x_wconf 84' lang='lat' dir='ltr'>lex</span> <span class='ocrx_word' id='word_1_475' title='bbox 1464 4073 1526 4141; x_wconf 88' lang='lat' dir='ltr'>illa</span> <span class='ocrx_word' id='word_1_476' title='bbox 1548 4073 1688 4165; x_wconf 87' lang='lat' dir='ltr'>peperit</span> <span class='ocrx_word' id='word_1_477' title='bbox 1699 4069 1890 4147; x_wconf 83' lang='lat' dir='ltr'>Ethnicarn</span> <span class='ocrx_word' id='word_1_478' title='bbox 1913 4081 2099 4153; x_wconf 89' lang='lat' dir='ltr'>obscoeni-</span> 
     </span>
     <span class='ocr_line' id='line_1_38' title="bbox 85 4153 2098 4269; baseline 0.012 -37"><span class='ocrx_word' id='word_1_479' title='bbox 85 4171 181 4256; x_wconf 80' lang='lat' dir='ltr'>dare,</span> <span class='ocrx_word' id='word_1_480' title='bbox 201 4167 381 4263; x_wconf 88' lang='lat' dir='ltr'>praeclare</span> <span class='ocrx_word' id='word_1_481' title='bbox 395 4167 440 4236; x_wconf 90' lang='lat' dir='ltr'>de</span> <span class='ocrx_word' id='word_1_482' title='bbox 452 4161 609 4234; x_wconf 89' lang='lat' dir='ltr'>Ecclesia</span> <span class='ocrx_word' id='word_1_483' title='bbox 625 4159 754 4230; x_wconf 87' lang='lat' dir='ltr'>mereri</span> <span class='ocrx_word' id='word_1_484' title='bbox 769 4153 925 4252; x_wconf 87' lang='lat' dir='ltr'>p&#39;ossent.</span> <span class='ocrx_word' id='word_1_485' title='bbox 975 4159 1064 4232; x_wconf 90' lang='lat' dir='ltr'>Plu·</span> <span class='ocrx_word' id='word_1_486' title='bbox 1111 4185 1218 4243; x_wconf 78' lang='lat' dir='ltr'>tatem</span> <span class='ocrx_word' id='word_1_487' title='bbox 1233 4185 1268 4244; x_wconf 89' lang='lat' dir='ltr'>et</span> <span class='ocrx_word' id='word_1_488' title='bbox 1283 4174 1543 4264; x_wconf 82' lang='lat' dir='ltr'>profanitatem.</span> <span class='ocrx_word' id='word_1_489' title='bbox 1594 4173 1758 4263; x_wconf 89' lang='lat' dir='ltr'>Quorum</span> <span class='ocrx_word' id='word_1_490' title='bbox 1774 4192 1997 4269; x_wconf 89' lang='lat' dir='ltr'>peccatorum</span> <span class='ocrx_word' id='word_1_491' title='bbox 2013 4209 2098 4255; x_wconf 88' lang='lat' dir='ltr'>con-</span> 
     </span>
     <span class='ocr_line' id='line_1_39' title="bbox 84 4262 2099 4372; baseline 0.013 -40"><span class='ocrx_word' id='word_1_492' title='bbox 84 4272 208 4343; x_wconf 77' lang='lat' dir='ltr'>rimum</span> <span class='ocrx_word' id='word_1_493' title='bbox 224 4270 322 4341; x_wconf 86' lang='lat' dir='ltr'>enim</span> <span class='ocrx_word' id='word_1_494' title='bbox 339 4269 445 4337; x_wconf 88' lang='lat' dir='ltr'>relert</span> <span class='ocrx_word' id='word_1_495' title='bbox 458 4263 721 4334; x_wconf 90' lang='lat' dir='ltr'>ordinationem</span> <span class='ocrx_word' id='word_1_496' title='bbox 735 4273 828 4331; x_wconf 86' lang='lat' dir='ltr'>recte</span> <span class='ocrx_word' id='word_1_497' title='bbox 843 4262 1044 4332; x_wconf 89' lang='lat' dir='ltr'>instaurari.</span> <span class='ocrx_word' id='word_1_498' title='bbox 1111 4275 1206 4366; x_wconf 74' lang='lat' dir='ltr'>tegio</span> <span class='ocrx_word' id='word_1_499' title='bbox 1221 4297 1256 4344; x_wconf 84' lang='lat' dir='ltr'>se</span> <span class='ocrx_word' id='word_1_500' title='bbox 1274 4275 1441 4367; x_wconf 88' lang='lat' dir='ltr'>polluunt</span> <span class='ocrx_word' id='word_1_501' title='bbox 1453 4297 1595 4359; x_wconf 89' lang='lat' dir='ltr'>omnes,</span> <span class='ocrx_word' id='word_1_502' title='bbox 1621 4277 1684 4369; x_wconf 89' lang='lat' dir='ltr'>qui</span> <span class='ocrx_word' id='word_1_503' title='bbox 1698 4273 1790 4350; x_wconf 88' lang='lat' dir='ltr'>hanc</span> <span class='ocrx_word' id='word_1_504' title='bbox 1803 4280 1917 4372; x_wconf 87' lang='lat' dir='ltr'>legem</span> <span class='ocrx_word' id='word_1_505' title='bbox 1933 4286 1977 4356; x_wconf 93' lang='lat' dir='ltr'>de</span> <span class='ocrx_word' id='word_1_506' title='bbox 1991 4288 2099 4360; x_wconf 89' lang='lat' dir='ltr'>coeli-</span> 
     </span>
    </p>
   </div>
   <div class='ocr_carea' id='block_1_3' title="bbox 86 4363 1670 4562">
    <p class='ocr_par' dir='ltr' id='par_1_3' title="bbox 86 4363 1670 4562">
     <span class='ocr_line' id='line_1_40' title="bbox 177 4363 1670 4467; baseline -0.017 -23"><span class='ocrx_word' id='word_1_507' title='bbox 177 4367 277 4467; x_wconf 75' lang='lat' dir='ltr'>Et¹⁰)</span> <span class='ocrx_word' id='word_1_508' title='bbox 296 4370 326 4439; x_wconf 89' lang='lat' dir='ltr'>si</span> <span class='ocrx_word' id='word_1_509' title='bbox 347 4371 598 4459; x_wconf 83' lang='lat' dir='ltr'>gubernatores</span> <span class='ocrx_word' id='word_1_510' title='bbox 612 4387 695 4432; x_wconf 86' lang='lat' dir='ltr'>vere</span> <span class='ocrx_word' id='word_1_511' title='bbox 718 4363 981 4432; x_wconf 87' lang='lat' dir='ltr'>considerarent</span> <span class='ocrx_word' id='word_1_512' title='bbox 1006 4365 1063 4432; x_wconf 89' lang='lat' dir='ltr'>in·</span> <span class='ocrx_word' id='word_1_513' title='bbox 1110 4378 1197 4448; x_wconf 64' lang='lat' dir='ltr'>bam</span> <span class='ocrx_word' id='word_1_514' title='bbox 1213 4377 1408 4448; x_wconf 59' lang='lat' dir='ltr'><strong>defendunt</strong></span> <span class='ocrx_word' id='word_1_515' title='bbox 1426 4390 1460 4448; x_wconf 54' lang='lat' dir='ltr'>et</span> <span class='ocrx_word' id='word_1_516' title='bbox 1475 4377 1670 4450; x_wconf 50' lang='lat' dir='ltr'><strong>stabilium·</strong></span> 
     </span>
     <span class='ocr_line' id='line_1_41' title="bbox 86 4461 1065 4562; baseline -0.021 -18"><span class='ocrx_word' id='word_1_517' title='bbox 86 4475 193 4562; x_wconf 83' lang='lat' dir='ltr'>gentia</span> <span class='ocrx_word' id='word_1_518' title='bbox 205 4472 376 4544; x_wconf 89' lang='lat' dir='ltr'>beneficia</span> <span class='ocrx_word' id='word_1_519' title='bbox 384 4468 462 4553; x_wconf 91' lang='lat' dir='ltr'>Dei,</span> <span class='ocrx_word' id='word_1_520' title='bbox 478 4490 567 4561; x_wconf 86' lang='lat' dir='ltr'>quae</span> <span class='ocrx_word' id='word_1_521' title='bbox 582 4489 645 4558; x_wconf 92' lang='lat' dir='ltr'>per</span> <span class='ocrx_word' id='word_1_522' title='bbox 658 4463 892 4534; x_wconf 86' lang='lat' dir='ltr'>ministerium</span> <span class='ocrx_word' id='word_1_523' title='bbox 900 4461 1065 4555; x_wconf 88' lang='lat' dir='ltr'>Evange.</span> 
     </span>
    </p>
   </div>
   <div class='ocr_carea' id='block_1_4' title="bbox 87 4530 2100 5080">
    <p class='ocr_par' dir='ltr' id='par_1_4' title="bbox 87 4530 1946 4677">
     <span class='ocr_line' id='line_1_42' title="bbox 87 4530 1946 4664; baseline 0.002 -22"><span class='ocrx_word' id='word_1_524' title='bbox 87 4575 187 4646; x_wconf 89' lang='lat' dir='ltr'>licum</span> <span class='ocrx_word' id='word_1_525' title='bbox 207 4577 353 4646; x_wconf 92' lang='lat' dir='ltr'>dantur:</span> <span class='ocrx_word' id='word_1_526' title='bbox 386 4571 483 4664; x_wconf 89' lang='lat' dir='ltr'>quod</span> <span class='ocrx_word' id='word_1_527' title='bbox 509 4567 672 4640; x_wconf 87' lang='lat' dir='ltr'>videlicet</span> <span class='ocrx_word' id='word_1_528' title='bbox 692 4562 790 4637; x_wconf 91' lang='lat' dir='ltr'>Deus</span> <span class='ocrx_word' id='word_1_529' title='bbox 821 4560 887 4636; x_wconf 88' lang='lat' dir='ltr'>hac</span> <span class='ocrx_word' id='word_1_530' title='bbox 915 4589 1001 4636; x_wconf 85' lang='lat' dir='ltr'>voce</span> <span class='ocrx_word' id='word_1_531' title='bbox 1030 4579 1064 4638; x_wconf 92' lang='lat' dir='ltr'>et</span> <span class='ocrx_word' id='word_1_532' title='bbox 1263 4536 1325 4610; x_wconf 47' lang='grc' dir='ltr'>ΠΒ</span> <span class='ocrx_word' id='word_1_533' title='bbox 1338 4533 1568 4612; x_wconf 54' lang='grc' dir='ltr'><em>Ρθωϋωίία</em></span> <span class='ocrx_word' id='word_1_534' title='bbox 1584 4549 1616 4612; x_wconf 68' lang='lat'>‘²</span> <span class='ocrx_word' id='word_1_535' title='bbox 1637 4535 1680 4613; x_wconf 64' lang='lat' dir='ltr'>‘l‘</span> <span class='ocrx_word' id='word_1_536' title='bbox 1694 4530 1946 4644; x_wconf 51' lang='lat' dir='ltr'>C⁰¹²s⁶⁸⁸¹⁸⁰nb</span> 
     </span>
    </p>

    <p class='ocr_par' dir='ltr' id='par_1_5' title="bbox 87 4661 2100 5080">
     <span class='ocr_line' id='line_1_43' title="bbox 87 4661 2100 4764; baseline 0.003 -21"><span class='ocrx_word' id='word_1_537' title='bbox 87 4697 155 4746; x_wconf 92' lang='lat' dir='ltr'>non</span> <span class='ocrx_word' id='word_1_538' title='bbox 170 4677 272 4747; x_wconf 90' lang='lat' dir='ltr'>aliter</span> <span class='ocrx_word' id='word_1_539' title='bbox 285 4673 354 4744; x_wconf 89' lang='lat' dir='ltr'>sibi</span> <span class='ocrx_word' id='word_1_540' title='bbox 369 4671 505 4760; x_wconf 86' lang='lat' dir='ltr'>colligit</span> <span class='ocrx_word' id='word_1_541' title='bbox 518 4685 697 4740; x_wconf 82' lang='lat' dir='ltr'>aeternam</span> <span class='ocrx_word' id='word_1_542' title='bbox 710 4661 922 4752; x_wconf 89' lang='lat' dir='ltr'>Ecclesiam,</span> <span class='ocrx_word' id='word_1_543' title='bbox 946 4681 981 4738; x_wconf 91' lang='lat' dir='ltr'>et</span> <span class='ocrx_word' id='word_1_544' title='bbox 996 4692 1064 4738; x_wconf 68' lang='lat' dir='ltr'>no»</span> <span class='ocrx_word' id='word_1_545' title='bbox 1212 4673 1541 4747; x_wconf 87' lang='lat' dir='ltr'>Manifestissimum</span> <span class='ocrx_word' id='word_1_546' title='bbox 1575 4689 1645 4764; x_wconf 89' lang='lat' dir='ltr'>est,</span> <span class='ocrx_word' id='word_1_547' title='bbox 1672 4678 1872 4751; x_wconf 90' lang='lat' dir='ltr'>doctrinam</span> <span class='ocrx_word' id='word_1_548' title='bbox 1903 4686 2100 4762; x_wconf 72' lang='lat' dir='ltr'>monacho.</span> 
     </span>
     <span class='ocr_line' id='line_1_44' title="bbox 87 4765 2099 4884; baseline 0.001 -35"><span class='ocrx_word' id='word_1_549' title='bbox 87 4775 137 4848; x_wconf 87' lang='lat' dir='ltr'>bis</span> <span class='ocrx_word' id='word_1_550' title='bbox 158 4777 294 4848; x_wconf 88' lang='lat' dir='ltr'>miseris</span> <span class='ocrx_word' id='word_1_551' title='bbox 314 4771 522 4846; x_wconf 89' lang='lat' dir='ltr'>hominibus</span> <span class='ocrx_word' id='word_1_552' title='bbox 541 4770 724 4842; x_wconf 89' lang='lat' dir='ltr'>mandavit</span> <span class='ocrx_word' id='word_1_553' title='bbox 741 4791 868 4840; x_wconf 88' lang='lat' dir='ltr'>vocare</span> <span class='ocrx_word' id='word_1_554' title='bbox 890 4765 1085 4853; x_wconf 80' lang='lat' dir='ltr'>homines,</span> <span class='ocrx_word' id='word_1_555' title='bbox 1111 4800 1192 4849; x_wconf 85' lang='lat' dir='ltr'>rum</span> <span class='ocrx_word' id='word_1_556' title='bbox 1214 4779 1258 4846; x_wconf 92' lang='lat' dir='ltr'>de</span> <span class='ocrx_word' id='word_1_557' title='bbox 1280 4779 1500 4870; x_wconf 89' lang='lat' dir='ltr'>poenitentia</span> <span class='ocrx_word' id='word_1_558' title='bbox 1522 4781 1609 4849; x_wconf 91' lang='lat' dir='ltr'>adeo</span> <span class='ocrx_word' id='word_1_559' title='bbox 1632 4768 1743 4850; x_wconf 84' lang='lat' dir='ltr'>fnisse</span> <span class='ocrx_word' id='word_1_560' title='bbox 1764 4781 1949 4856; x_wconf 87' lang='lat' dir='ltr'>obscuram</span> <span class='ocrx_word' id='word_1_561' title='bbox 1972 4803 2006 4860; x_wconf 87' lang='lat' dir='ltr'>et</span> <span class='ocrx_word' id='word_1_562' title='bbox 2022 4794 2099 4884; x_wconf 78' lang='lat' dir='ltr'>ple.</span> 
     </span>
     <span class='ocr_line' id='line_1_45' title="bbox 1112 4876 2098 4977; baseline 0.015 -29"><span class='ocrx_word' id='word_1_563' title='bbox 1112 4905 1195 4949; x_wconf 90' lang='lat' dir='ltr'>nam</span> <span class='ocrx_word' id='word_1_564' title='bbox 1212 4879 1468 4970; x_wconf 86' lang='lat' dir='ltr'>perplexitatis,</span> <span class='ocrx_word' id='word_1_565' title='bbox 1488 4876 1773 4975; x_wconf 89' lang='lat' dir='ltr'>labyrinthorum</span> <span class='ocrx_word' id='word_1_566' title='bbox 1800 4897 1835 4954; x_wconf 89' lang='grc' dir='ltr'>ει</span> <span class='ocrx_word' id='word_1_567' title='bbox 1859 4909 2031 4977; x_wconf 88' lang='lat' dir='ltr'>errorum,</span> <span class='ocrx_word' id='word_1_568' title='bbox 2056 4911 2098 4967; x_wconf 90' lang='lat' dir='ltr'>ut</span> 
     </span>
     <span class='ocr_line' id='line_1_46' title="bbox 1112 4981 2098 5080; baseline 0.013 -28"><span class='ocrx_word' id='word_1_569' title='bbox 1112 5005 1186 5052; x_wconf 92' lang='lat' dir='ltr'>non</span> <span class='ocrx_word' id='word_1_570' title='bbox 1202 4982 1318 5050; x_wconf 90' lang='lat' dir='ltr'>solum</span> <span class='ocrx_word' id='word_1_571' title='bbox 1336 5005 1355 5050; x_wconf 88' lang='lat' dir='ltr'>a</span> <span class='ocrx_word' id='word_1_572' title='bbox 1371 4981 1523 5074; x_wconf 89' lang='lat' dir='ltr'>populo,</span> <span class='ocrx_word' id='word_1_573' title='bbox 1549 4983 1610 5052; x_wconf 87' lang='lat' dir='ltr'>sed</span> <span class='ocrx_word' id='word_1_574' title='bbox 1625 5003 1671 5052; x_wconf 86' lang='lat' dir='ltr'>ne</span> <span class='ocrx_word' id='word_1_575' title='bbox 1685 4984 1731 5054; x_wconf 86' lang='lat' dir='ltr'>ab</span> <span class='ocrx_word' id='word_1_576' title='bbox 1747 4984 1833 5076; x_wconf 89' lang='lat' dir='ltr'>ipsis</span> <span class='ocrx_word' id='word_1_577' title='bbox 1849 4987 1992 5080; x_wconf 89' lang='lat' dir='ltr'>quidem</span> <span class='ocrx_word' id='word_1_578' title='bbox 2010 4997 2098 5064; x_wconf 88' lang='lat' dir='ltr'>scri-</span> 
     </span>
    </p>
   </div>
   <div class='ocr_carea' id='block_1_5' title="bbox 148 5081 2099 5236">
    <p class='ocr_par' dir='ltr' id='par_1_6' title="bbox 148 5081 2099 5236">
     <span class='ocr_line' id='line_1_47' title="bbox 148 5081 2099 5180; baseline 0.007 -26"><span class='ocrx_word' id='word_1_579' title='bbox 148 5100 373 5173; x_wconf 83' lang='lat' dir='ltr'>imponerentur,</span> <span class='ocrx_word' id='word_1_580' title='bbox 395 5107 422 5180; x_wconf 70' lang='lat' dir='ltr'>et</span> <span class='ocrx_word' id='word_1_581' title='bbox 445 5095 553 5170; x_wconf 83' lang='lat' dir='ltr'>publiea</span> <span class='ocrx_word' id='word_1_582' title='bbox 579 5087 895 5177; x_wconf 62' lang='lat' dir='ltr'>precationepeter&#39;etor</span> <span class='ocrx_word' id='word_1_583' title='bbox 918 5093 1066 5176; x_wconf 71' lang='lat' dir='ltr'>mentiret</span> <span class='ocrx_word' id='word_1_584' title='bbox 1111 5083 1274 5178; x_wconf 76' lang='lat' dir='ltr'>pluribus</span> <span class='ocrx_word' id='word_1_585' title='bbox 1293 5083 1428 5172; x_wconf 77' lang='lat' dir='ltr'>integre</span> <span class='ocrx_word' id='word_1_586' title='bbox 1448 5097 1609 5176; x_wconf 70' lang='lat' dir='ltr'>percepta</span> <span class='ocrx_word' id='word_1_587' title='bbox 1622 5084 1679 5160; x_wconf 75' lang='lat' dir='ltr'>eit.</span> <span class='ocrx_word' id='word_1_588' title='bbox 1729 5081 1997 5180; x_wconf 65' lang='lat' dir='ltr'>proposuerunt</span> <span class='ocrx_word' id='word_1_589' title='bbox 2011 5119 2099 5172; x_wconf 79' lang='lat' dir='ltr'>con-</span> 
     </span>
     <span class='ocr_line' id='line_1_48' title="bbox 150 5162 1384 5236; baseline -0.011 -12"><span class='ocrx_word' id='word_1_590' title='bbox 150 5167 237 5224; x_wconf 85' lang='lat' dir='ltr'>cordis</span> <span class='ocrx_word' id='word_1_591' title='bbox 256 5167 427 5223; x_wconf 74' lang='lat' dir='ltr'>confirmatio</span> <span class='ocrx_word' id='word_1_592' title='bbox 450 5177 477 5221; x_wconf 87' lang='lat' dir='ltr'>et</span> <span class='ocrx_word' id='word_1_593' title='bbox 494 5167 653 5236; x_wconf 74' lang='lat' dir='ltr'>gubernatio</span> <span class='ocrx_word' id='word_1_594' title='bbox 673 5182 701 5216; x_wconf 85' lang='lat' dir='ltr'>an</span> <span class='ocrx_word' id='word_1_595' title='bbox 722 5163 763 5217; x_wconf 83' lang='lat' dir='ltr'>lna</span> <span class='ocrx_word' id='word_1_596' title='bbox 783 5162 1005 5218; x_wconf 82' lang='lat' dir='ltr'>confitentrbus.”</span> <span class='ocrx_word' id='word_1_597' title='bbox 1031 5189 1064 5206; x_wconf 89' lang='lat'>-</span> <span class='ocrx_word' id='word_1_598' title='bbox 1382 5207 1384 5210; x_wconf 88' lang='lat'>.</span> 
     </span>
    </p>
   </div>
   <div class='ocr_carea' id='block_1_6' title="bbox 90 4951 280 5001">
    <p class='ocr_par' dir='ltr' id='par_1_7' title="bbox 90 4951 280 5001">
     <span class='ocr_line' id='line_1_49' title="bbox 165 4951 171 4964; baseline 0 0"><span class='ocrx_word' id='word_1_599' title='bbox 165 4951 171 4964; x_wconf 78' lang='lat' dir='ltr'>s</span> 
     </span>
     <span class='ocr_line' id='line_1_50' title="bbox 90 4980 280 5001; baseline -0.005 -1"><span class='ocrx_word' id='word_1_600' title='bbox 90 4980 280 5001; x_wconf 46' lang='lat' dir='ltr'>*a*</span> 
     </span>
    </p>
   </div>
   <div class='ocr_carea' id='block_1_7' title="bbox 91 5229 1318 5392">
    <p class='ocr_par' dir='ltr' id='par_1_8' title="bbox 91 5229 1318 5392">
     <span class='ocr_line' id='line_1_51' title="bbox 91 5229 1318 5308; baseline -0.008 -15"><span class='ocrx_word' id='word_1_601' title='bbox 91 5275 97 5286; x_wconf 65' lang='lat'><em>„</em></span> <span class='ocrx_word' id='word_1_602' title='bbox 147 5235 228 5302; x_wconf 82' lang='lat' dir='ltr'>(cot.</span> <span class='ocrx_word' id='word_1_603' title='bbox 241 5235 360 5308; x_wconf 83' lang='lat' dir='ltr'>Guelpb.</span> <span class='ocrx_word' id='word_1_604' title='bbox 372 5236 492 5306; x_wconf 79' lang='lat' dir='ltr'>sequitur</span> <span class='ocrx_word' id='word_1_605' title='bbox 504 5233 706 5306; x_wconf 81' lang='lat' dir='ltr'>autographon,</span> <span class='ocrx_word' id='word_1_606' title='bbox 722 5239 753 5289; x_wconf 84' lang='lat' dir='ltr'>tat</span> <span class='ocrx_word' id='word_1_607' title='bbox 766 5230 847 5289; x_wconf 85' lang='lat' dir='ltr'>etiam</span> <span class='ocrx_word' id='word_1_608' title='bbox 859 5232 890 5286; x_wconf 89' lang='lat' dir='ltr'>in</span> <span class='ocrx_word' id='word_1_609' title='bbox 902 5229 960 5286; x_wconf 81' lang='lat' dir='ltr'>aliis</span> <span class='ocrx_word' id='word_1_610' title='bbox 972 5231 1064 5300; x_wconf 86' lang='lat' dir='ltr'>loeis.)</span> <span class='ocrx_word' id='word_1_611' title='bbox 1111 5281 1318 5294; x_wconf 86' lang='lat'>...........</span> 
     </span>
     <span class='ocr_line' id='line_1_52' title="bbox 118 5318 986 5392; baseline 0 -20"><span class='ocrx_word' id='word_1_612' title='bbox 118 5319 161 5384; x_wconf 73' lang='lat' dir='ltr'>lt)</span> <span class='ocrx_word' id='word_1_613' title='bbox 176 5321 329 5385; x_wconf 73' lang='grc' dir='ltr'><strong>ιενυωιιο]</strong></span> <span class='ocrx_word' id='word_1_614' title='bbox 343 5319 408 5376; x_wconf 82' lang='lat' dir='ltr'>Pes·</span> <span class='ocrx_word' id='word_1_615' title='bbox 414 5318 550 5392; x_wconf 76' lang='lat' dir='ltr'>fovendo.</span> <span class='ocrx_word' id='word_1_616' title='bbox 981 5339 986 5350; x_wconf 70' lang='lat'><strong><em>¹</em></strong></span> 
     </span>
    </p>
   </div>
   <div class='ocr_carea' id='block_1_8' title="bbox 120 5395 1668 5544">
    <p class='ocr_par' dir='ltr' id='par_1_9' title="bbox 120 5395 1668 5544">
     <span class='ocr_line' id='line_1_53' title="bbox 120 5395 1668 5544; baseline -0.003 -88"><span class='ocrx_word' id='word_1_617' title='bbox 120 5399 372 5473; x_wconf 71' lang='lat' dir='ltr'>16)1lr]l’ea.do.</span> <span class='ocrx_word' id='word_1_618' title='bbox 624 5445 628 5454; x_wconf 86' lang='lat'>.</span> <span class='ocrx_word' id='word_1_619' title='bbox 1146 5395 1668 5544; x_wconf 53' lang='lat' dir='ltr'>at&gt;propee319e3npropmmmaa</span> 
     </span>
    </p>
   </div>
   <div class='ocr_carea' id='block_1_9' title="bbox 0 0 2332 5799">
    <p class='ocr_par' dir='ltr' id='par_1_10' title="bbox 0 0 2332 5799">
     <span class='ocr_line' id='line_1_54' title="bbox 0 0 2332 5799; baseline 0 0"><span class='ocrx_word' id='word_1_620' title='bbox 0 0 2332 5799; x_wconf 95' lang='lat' dir='ltr'> </span> 
     </span>
    </p>
   </div>
  </div>
 </body>
</html>
