4754 5806
214 185 239 256 a
524 265 538 292 .
788 173 1226 262 sersrouanuu
1277 185 1386 265 aaa.
1421 187 1485 266 rx.
1540 187 1672 268 roas.
2222 194 2248 264 a

215 357 287 432 Sed
303 355 461 431 hominis
475 359 625 431 studiosi
642 372 694 430 est
715 358 932 447 intelligere,
965 382 1053 453 quas
1073 355 1209 428 utilita-
1256 341 1354 428 muni
1370 359 1459 431 lueis
1476 361 1609 438 afferet.
1658 361 1757 436 Bene
1771 365 1867 450 vale,
1900 361 2251 455 VitebergaeCalen-
2304 424 2306 430 ς

217 475 268 534 tes
284 465 426 554 proprie
439 463 562 532 afferat
575 457 795 532 arithmetica
810 457 884 544 his,
915 461 977 552 qui
999 460 1149 530 solidam
1174 471 1208 528 et
1257 459 1312 530 dis
1331 458 1486 532 Ianuarii
1508 461 1618 539 1543·
1886 529 1890 542 ,
2234 451 2299 558 ,Js

112 567 114 576 ’
183 565 404 655 'perlectam
431 563 628 633 doctrinam
652 563 848 632 incaeteris
864 555 1110 652 philosophiae
1126 583 1207 652 par·
1396 631 1397 634 ,
2105 592 2109 602 ·
2208 513 2299 682 [j

215 667 309 735 tibus
327 665 511 754 explicant.
563 662 669 752 Quod
695 663 789 731 enim
812 664 917 752 vulgo
938 663 1080 748 dicunt,
1104 661 1206 752 prin·
1270 703 1324 714 -ν

215 767 347 857 cipium
374 789 447 834 esse
470 765 658 834 dimidium
687 764 815 846 totius,
857 764 894 834 id
916 765 972 832 vel
994 763 1144 832 maxime
1166 761 1206 830 in
1310 763 1315 776 ’
1821 825 1823 834 ,
2113 807 2117 822 ¹
2336 781 2357 814 ι·

213 861 461 960 philosophiae
482 867 641 956 partibus
665 851 891 956 conspicitur.
943 863 1045 937 Unus
1062 879 1114 936 est
1130 863 1207 934 adl·
1255 873 1320 946 No.
1335 867 1448 947 2615.
1755 869 1765 890 ⁸
2123 869 2239 942 1.Ian.
2257 813 2341 988 J

211 982 270 1039 tus
293 971 337 1038 ad
366 967 698 1058 praestantissimam
723 961 968 1058 philosophiae
995 978 1130 1057 partem
1161 966 1205 1034 dc
1254 969 1424 996 ΨΜ
2006 979 2008 984 “
2110 962 2243 988 w*

212 1071 368 1140 motibus
403 1068 612 1137 coelestibus
651 1067 805 1156 cognitio
845 1063 1092 1140 arithmeticas.
1156 1061 1205 1135 Et
1477 1051 1711 1156 Mauritio
1738 1047 1860 1133 1)αοὶ
1888 1045 2001 1138 Sax.

211 1167 297 1240 haec
314 1184 452 1260 tantam
462 1169 534 1236 vim
553 1164 677 1254 habet,
702 1183 743 1239 ut
757 1169 981 1238 mediocriter
998 1167 1204 1238 exercitatus
1322 1232 1407 1306 Epist·
1427 1239 1577 1306 nuncupat.
1597 1228 1626 1282 ᾖ
1645 1199 1762 1282 lismoi:
1779 1227 1856 1284 m
1872 1190 1939 1285 Mel.
1958 1227 1987 1283 in
2004 1227 2147 1284 Danielem
2167 1247 2249 1284 eom-

211 1273 250 1341 in
266 1268 487 1341 arithmetica
503 1270 604 1338 facile
621 1284 755 1339 caetera
775 1270 963 1361 perspiciat
986 1283 1021 1339 et
1040 1291 1204 1362 assqua-
1356 1301 1514 1356 mensarios.
1551 1298 1664 1355 theb.
1688 1296 1763 1354 1⁵48.
1786 1297 1813 1351 g,
1834 1330 1873 1342 ,,
1911 1299 2015 1351 ΒΜ
2039 1297 2067 1350 5„
2086 1297 2247 1352 nectamur.

210 1387 281 1444 tur.
332 1371 383 1442 lta
401 1372 482 1462 plus
496 1371 805 1464 quam'dimidium
824 1373 932 1441 totius
948 1371 1023 1439 eius
1044 1365 1204 1462 philoso-
1253 1429 1256 1438 i
1357 1371 1424 1424 Met.
1445 1370 1526 1423 Tw-
1539 1367 1573 1423 ¹¹·
1592 1367 1682 1440 ΜΗ
1695 1381 1757 1456 *φὶς
1776 1374 1804 1421 ⁸2
1824 1366 1853 1421 5¹¹
1874 1365 1961 1422 etuut.
1977 1365 2117 1440 ⁰t¹⁰f¹5¹¹³
2131 1365 2247 1422 wius.

210 1471 316 1567 plaiae
332 1487 429 1546 tenet
443 1472 492 1555 is,
524 1473 586 1566 qui
611 1472 836 1542 mediocriter
851 1472 1016 1562 cognovit
1033 1465 1204 1540 arithme·
2277 1469 2283 1476 '

209 1578 314 1650 ticen.
365 1573 617 1646 Hanctantam
639 1573 829 1646 utilitatem
852 1573 1003 1666 praediti
1025 1571 1203 1662 generosis
1252 1589 1452 1696 praesagio
1476 1586 1702 1690 Phihppi
1724 1584 2066 1663 Melanggonps
2092 1591 2133 1663 g„
2158 1587 2250 1660 Da,

209 1676 347 1750 naturis
370 1676 558 1766 diligenter
580 1675 822 1760 considerent,
861 1688 901 1746 ut
930 1690 964 1746 et
991 1674 1204 1760 exsuscitent
1504 1751 1513 1760 „
1559 1691 1689 1764 „idm
1705 1685 1941 1790 propheram,

209 1780 347 1859 animos
373 1779 415 1846 ad
438 1800 594 1846 autorem
616 1771 723 1846 huius
745 1777 849 1860 artis,
884 1791 918 1846 et
941 1790 1151 1866 praeparent
1165 1798 1203 1844 se
1401 1847 1409 1865 ι
1455 1846 1463 1864 .
1606 1845 1615 1864 ι
1918 1843 1926 1862 Ι
2012 1821 2016 1826 ,

209 1883 254 1952 ad
278 1879 520 1972 persipiendas
542 1891 693 1948 caetera,
713 1892 815 1950 arte„
866 1876 964 1966 Quid
988 1881 1083 1969 qugd
1108 1877 1204 1946 mul„
1250 1845 1520 1920 Illustrtsstmo
1544 1841 1713 1944 Princeps
1737 1868 1782 1920 ac
1804 1841 1990 1928 Dommo,
2023 1841 2077 1916 D.
2102 1839 2249 1914 Μιτυ-

1354 1437 1388 1492 r.
1402 1439 1435 1494 u.
1453 1459 1479 1510 p.
1493 1437 1553 1492 ns.

209 1981 406 2066 tumetium
421 1981 460 2047 in
475 1975 647 2074 physicis,
673 1981 823 2050 multum
840 1979 879 2048 in
894 1975 1051 2050 historiis
1067 1979 1203 2050 utimur
1253 1976 1273 2021 Γ
1280 1950 1342 2021 ίθί
1350 1975 1389 2036 ⁰2
1415 1947 1524 2067 Dfm',
1532 1944 1738 2066 saffflia‘s
1762 1941 2013 2066 Lamii'l'wb
2027 1943 2251 2062 Tu'mffl‘ff‘v

209 2079 275 2154 hac
290 2080 470 2153 subtiliori
484 2081 644 2152 doctrina
660 2083 704 2148 de
719 2081 887 2154 numeris.
918 2074 1082 2172 Denique
1099 2093 1202 2170 turpe
1252 2061 1284 2125 ‘l
1300 2045 1521 2123 M‘Wd'fflm
1539 2045 1729 2136 Mlsmasss
1762 2045 1931 2118 D⁰mm⁰
1953 2071 2022 2118 ⁸¹¹⁰
2043 2047 2250 2120 Glssmmffl·

134 2171 137 2176 ¹
209 2181 414 2260 esthornini
431 2182 586 2254 versanti
609 2183 649 2250 in
670 2182 799 2268 literis,
830 2183 1007 2272 negligere
1030 2177 1122 2250 hanc
1145 2205 1204 2252 ar-
1313 2145 1707 2250 δί’ῃονΡΜῙῘΙἸΝ*ς
1733 2143 2035 2221 anill‘l'l·
2073 2145 2184 2224 SD·

209 2302 298 2372 tem,
337 2309 427 2378 quae
458 2297 510 2353 est
538 2283 620 2352 fons
651 2297 686 2352 et
713 2279 892 2354 inchoatio
919 2283 1202 2356 ratiocinationis
1251 2265 1360 2356 Haec
1389 2311 1469 2356 cum
1498 2287 1538 2354 in
1566 2286 1693 2356 bruma
1717 2285 1925 2366 scriberem,
1960 2297 2099 2378 tempus
2120 2309 2176 2354 me
2201 2287 2250 2356 de

209 2387 414 2469 universae,
439 2407 529 2478 quae
544 2384 700 2476 primum
717 2385 886 2456 discernit
902 2410 1014 2456 unum
1030 2395 1063 2454 et
1078 2385 1202 2468 maella,
1250 2386 1459 2484 Halcyoniis
1481 2388 1678 2460 admonuit.
1728 2384 1843 2456 Aiunt
1863 2387 1957 2454 enim
1981 2383 2182 2480 Halcyonas
2207 2387 2250 2458 in

210 2513 321 2584 eaque
338 2486 534 2570 distribuit,
560 2509 629 2579 qua
644 2487 721 2556 luce
735 2488 877 2578 proprie
892 2481 1056 2556 homines
1071 2486 1204 2556 distant
1252 2490 1399 2560 marinis
1415 2490 1568 2582 scopulis
1584 2489 1823 2570 nidificantes,
1858 2481 1925 2557 hoc
1946 2491 2139 2580 asperrimo
2160 2489 2250 2558 anni

210 2590 458 2684 apeuudibus.
518 2587 601 2657 ldeo
628 2589 774 2658 boniet
792 2589 886 2658 docti
909 2589 979 2658 viri
1002 2611 1138 2657 summa
1165 2587 1204 2655 vi
1252 2605 1410 2686 tempore
1429 2592 1598 2661 incubare
1614 2591 1690 2661 ovis
1706 2604 1741 2661 et
1757 2589 1874 2682 pullos
1891 2589 2085 2664 excludere.
2136 2589 2252 2666 Eam-

149 2697 153 2705 '
210 2692 327 2764 anniti
343 2691 493 2775 debent,
516 2703 558 2760 ut
574 2689 614 2758 in
628 2685 765 2758 scholas
781 2705 947 2760 revocent
962 2684 1054 2760 hanc
1070 2689 1205 2760 doctri·
1253 2719 1322 2788 que
1336 2695 1384 2762 ob
1398 2717 1536 2762 causam
1552 2693 1678 2761 diebus
1691 2689 1958 2786 quatuordecim
1972 2691 2009 2760 id
2023 2714 2130 2778 mare,
2149 2693 2252 2786 quod

211 2819 313 2878 nam,
338 2807 395 2876 ut,
428 2803 612 2883 postquam
636 2791 777 2882 explosa
802 2806 851 2861 est
873 2792 933 2860 illa
958 2791 1070 2861 diluta
1094 2805 1130 2862 et
1149 2791 1204 2860 lo-
1254 2791 1447 2888 hospitium
1465 2795 1609 2886 praebet
1631 2793 1815 2863 incubanti
1832 2789 2027 2886 Halcyoni,
2057 2795 2146 2864 adeo
2168 2795 2252 2886 pla-

212 2919 304 2990 quau
328 2887 537 2986 sophistice,
570 2913 661 2985 quac
685 2906 904 2983 oppresserat
927 2893 1145 2962 dialecticam
1170 2903 1206 2962 et
1227 2865 1231 2938 l
1254 2899 1372 2967 eidum
1395 2920 1485 2982 esse,
1520 2895 1558 2966 ui
1580 2907 1657 2965 tuto
1681 2893 1842 2983 navigari
1869 2895 1996 2987 possit,
2035 2917 2100 2963 nec
2125 2895 2253 2966 sevitia
2363 2915 2364 2976 t

211 2993 407 3090 Physicen,
446 3017 545 3063 nunc
574 2994 701 3064 veteris
727 3007 762 3064 et
784 2995 938 3085 purioris
959 2989 1206 3084 philosophiae
1254 3012 1441 3070 ventorum
1460 2997 1635 3090 quassari,
1660 2995 1844 3066 necundis
1861 2994 1968 3064 obnri
1989 2993 2064 3065 avis
2089 2989 2253 3090 hospitae
2363 2985 2364 3000 ¹

212 3097 330 3168 studia
345 3097 473 3166 iterum
492 3097 739 3166 accendantur.
791 3093 888 3164 Haec
904 3096 1088 3183 diligentia
1110 3095 1206 3163 mul·
1255 3101 1392 3170 nidum.
1448 3097 1603 3194 Ideoque
1628 3097 1924 3190 tranquillitatem
1949 3109 1984 3166 et
2013 3095 2113 3190 quasi
2141 3100 2254 3168 indu.

212 3199 258 3270 tis
273 3198 388 3266 modis
405 3197 588 3286 profutura
605 3209 656 3266 est
672 3196 896 3286 reipublicae.
947 3195 1037 3264 Nam
1053 3196 1207 3288 simplici
1255 3187 1325 3271 cias
1353 3213 1529 3270 certorum
1558 3199 1697 3284 dierum
1717 3199 1808 3276 circa
1831 3199 1994 3267 brumam
2017 3197 2136 3266 vocari
2159 3195 2254 3269 Hal..

215 3313 249 3370 et
266 3309 361 3390 'pura
384 3295 546 3367 doctrina
569 3297 779 3366 assuefactae
803 3312 937 3367 mentes
957 3299 1085 3368 rectius
1111 3289 1206 3367 iudi-
1256 3303 1400 3398 cyonios
1423 3302 1510 3374 dies.
1569 3298 1618 3371 Ut
1639 3313 1755 3369 autem
1779 3297 1875 3368 Dcus
1899 3299 2028 3368 multas
2054 3299 2092 3367 in
2122 3289 2265 3383 natura'

214 3414 316 3483 cant,
354 3411 530 3494 quaerunt
559 3412 652 3468 certa
686 3397 724 3466 in
745 3399 949 3484 doctrinis,
985 3423 1059 3470 non
1084 3413 1207 3470 tenent
1255 3428 1374 3474 rerum
1407 3401 1576 3490 imagines
1604 3397 1782 3470 Ecclesiae
1811 3401 1916 3470 nobis
1946 3400 2147 3492 proposuit:
2196 3399 2254 3474 lta
2308 3479 2310 3482 ,
2363 3453 2364 3488 ,

214 3503 393 3572 mordicus
418 3499 562 3568 incerta.
619 3497 793 3588 Magnum
820 3513 856 3570 et
885 3495 951 3569 hoc
980 3491 1115 3571 honum
1145 3513 1206 3580 est,
1256 3501 1348 3574 mihi
1370 3504 1503 3594 legenti
1529 3515 1639 3572 totam
1670 3525 1789 3571 earum
1820 3501 1939 3571 avium
1967 3501 2254 3592 descriptionem,
2363 3491 2364 3570 i

215 3605 312 3698 quod
336 3598 422 3674 haee
443 3601 518 3692 ipsa
542 3603 759 3672 consuetudo
780 3603 895 3672 adfert
909 3627 1064 3672 amorem
1078 3603 1208 3671 verita·
1256 3630 1358 3698 saepe
1381 3605 1480 3675 veuit
1500 3605 1539 3674 iu
1562 3616 1715 3673 mentem
1732 3599 1909 3677 Ecclesiae
1931 3603 2147 3674 nidificantis
2170 3617 2253 3674 tan·

217 3707 280 3790 tis,
304 3704 368 3798 qui
384 3705 497 3773 bonos
512 3701 608 3770 viros
624 3701 745 3786 elficit,
780 3717 813 3771 et
836 3703 1024 3794 diligenter
1046 3703 1208 3772 adsuefa-
1257 3707 1419 3802 quamin
1436 3705 1548 3791 mari,
1579 3695 1618 3774 in
1639 3704 1776 3795 magnis
1798 3717 1833 3774 et
1850 3705 2066 3774 turbulentis
2079 3705 2254 3796 imperiis,
2363 3695 2364 3740 ³

217 3807 266 3877 cit
286 3805 424 3875 animos
440 3805 484 3873 ad
502 3803 781 3873 moderationem
799 3805 905 3874 etiam
920 3805 957 3872 in
972 3803 1109 3897 reliqua
1125 3805 1208 3878 vita.
1257 3811 1296 3880 in
1312 3808 1443 3904 quibus
1458 3807 1714 3902 aliquantisper
1728 3803 1825 3874 Deus
1842 3817 1878 3875 et
1897 3805 2138 3891 domicilium,
2170 3819 2254 3876 tan.

218 3907 315 3999 Quid
350 3919 402 3981 est
432 3917 549 3977 autem
581 3905 688 3976 rebus
718 3899 883 3976 humanis
908 3905 1020 3998 magis
1043 3906 1209 3991 salutare,
1258 3936 1365 4005 quam
1394 3911 1521 3979 nidum
1551 3921 1585 3978 et
1612 3905 1908 3999 tranquillitatem
1940 3907 2153 3977 mediocrem
2181 3909 2254 4000 piis
2363 3941 2364 4000 t

218 4033 325 4104 qnam
340 4031 409 4091 eos,
431 4007 492 4100 qui
510 4006 863 4098 propterdoctrinam
878 4008 1091 4098 reipublicae
1108 4031 1210 4098 prae·
1259 4010 1579 4094 studiisconcedit‚
1611 4021 1652 4080 ut
1670 4009 1857 4100 propagari
1871 4005 2106 4099 Evangelium
2127 4010 2254 4102 possit,
2363 4045 2364 4048 ¹

219 4110 404 4188 ficiuntur,
438 4120 473 4177 et
493 4107 649 4196 veritatis
670 4123 827 4176 amantes
845 4131 917 4176 esse
935 4121 971 4177 et
986 4109 1211 4177 moderatos?
1259 4113 1364 4182 Talia
1395 4113 1543 4184 fuerunt
1574 4107 1771 4204 Halcyonia
1813 4109 1910 4198 genti
1940 4107 2121 4196 Iudaicae,
2168 4133 2253 4181 cum
2363 4155 2364 4172 2

220 4209 272 4282 lta
296 4211 386 4279 bene
410 4223 446 4278 et
466 4209 643 4302 praeclare
664 4209 897 4280 merebuntur
917 4205 1056 4278 scholae
1078 4211 1122 4277 de
1151 4229 1211 4298 ge-
1258 4209 1420 4285 Christus
1443 4225 1479 4283 et
1497 4207 1662 4304 Apostoli
1685 4209 1894 4282 docuerunt.
1960 4209 2040 4280 Nisi
2061 4201 2155 4280 enim
2183 4211 2254 4281 ali·
2363 4199 2364 4276 l

221 4337 304 4382 nere
327 4307 503 4389 humano,
539 4309 568 4377 δί
589 4331 726 4393 verm,
757 4313 901 4394 uillam,
930 4334 1058 4402 Puram
1079 4311 1210 4379 doctri·
1260 4316 1464 4409 quantisper
1486 4337 1553 4405 pax
1575 4313 1718 4404 fuisset,
1749 4336 1824 4381 non
1840 4310 1954 4403 spargi
1970 4337 2037 4382 vox
2053 4307 2254 4401 Evangelii,
2363 4369 2364 4374 1

221 4439 303 4486 nam
321 4424 521 4504 proponent
536 4410 729 4495 iuventuti,
762 4435 908 4505 eamque
933 4413 1039 4481 simul
1055 4413 1100 4480 ad
1117 4413 1228 4484 veri-‘
1261 4433 1295 4489 et
1311 4441 1386 4490 non
1401 4415 1535 4487 erudiri
1553 4415 1805 4510 adolescentia,
1837 4437 1910 4482 non
1926 4413 2119 4486 coalescere
2133 4427 2254 4486 coetus
2363 4413 2364 4436 ¹

221 4515 301 4586 tatis
320 4539 476 4584 amorem
500 4525 534 4581 et
556 4513 601 4580 ad
624 4511 845 4601 diligentiam
867 4539 907 4583 ac
931 4515 1210 4584 moderationem
1260 4519 1371 4613 aliqui
1393 4517 1601 4610 potuissent.
1652 4513 1749 4584 Haec
1774 4513 1870 4583 enim
1893 4515 1971 4584 lieri
1994 4539 2068 4584 non
2093 4530 2256 4606 possunt,
2363 4595 2364 4608 ἶ

176 4619 179 4624 ’
222 4619 258 4685 in
276 4615 558 4686 vitainstituant.
611 4609 774 4712 Proinde
787 4615 984 4685 laudandus
1000 4629 1051 4686 est
1065 4629 1212 4686 conatus
1261 4645 1341 4690 cum
1358 4635 1491 4692 terrore
1515 4641 1692 4686 armorum
1714 4629 1749 4688 et
1769 4616 1932 4685 barbarie
1949 4639 1990 4684 ac
2010 4615 2130 4685 surore
2154 4617 2255 4687 mili-

220 4719 432 4801 multorum,
472 4716 534 4808 qui
568 4709 636 4784 hoc
663 4729 820 4805 tempore
850 4729 912 4790 aut
940 4731 1056 4786 vetera
1083 4715 1212 4808 scripta
1261 4736 1338 4792 tum
1362 4721 1579 4812 dissipantur
1600 4714 1741 4787 honesti
1765 4729 1901 4799 coetus,
1933 4740 2012 4786 curn
2030 4719 2255 4788 urbesever-
2363 4711 2364 4784 l

202 4818 205 4824 ’
221 4821 333 4890 edunt
346 4831 452 4910 atque
468 4817 649 4889 illustrant
662 4815 706 4892 de
724 4811 780 4884 his
795 4817 1002 4909 disciplinis,
1029 4843 1117 4912 quae
1132 4820 1213 4888 lon·
1261 4837 1403 4906 tuntur,
1434 4845 1514 4892 cum
1539 4821 1629 4890 nulli
1646 4833 1729 4889 sunt
1745 4833 1903 4910 receptus
1918 4817 2147 4902 discentium,
2170 4841 2254 4890 eum

222 4937 273 4993 tes
288 4913 533 5012 philosophiae
548 4917 748 5003 continent,
774 4933 834 4989 aut
849 4922 984 4989 cudunt
998 4944 1101 4992 nova.
1133 4917 1230 4988 Hoc'
1263 4949 1280 4992 a
1304 4925 1488 5014 complexu
1509 4935 1694 5013 parentum
1717 4922 1837 4992 avulsa
1858 4919 2091 4990 adolescentia
2111 4921 2255 5008 iugula-

222 5023 372 5094 consilio
409 5015 476 5090 hoe
510 5013 773 5088 arithmeticum
807 5021 976 5120 scriptum
1008 5015 1213 5091 Michaelis
1263 5039 1331 5098 tur.
1383 5023 1479 5095 Haec
1495 5049 1573 5092 cum
1591 5025 1698 5106 fiunt,
1733 5023 1820 5091 iram
1837 5019 1903 5090 Dei
1921 5023 2088 5090 adversus
2104 5015 2256 5091 hnmani
2363 5067 2364 5116 1

223 5117 373 5222 Sttseltt
399 5121 548 5192 studiosi
578 5119 755 5192 iuventuti
787 5123 1117 5210 commendandum
1141 5145 1214 5192 esse
1263 5127 1399 5216 generis
1424 5139 1562 5218 peccata
1586 5147 1816 5214 agnoscamus
1841 5145 1880 5191 ac
1896 5123 2131 5212 deploremus.
2160 5169 2161 5176 κ
2183 5121 2257 5194 Sed
2363 5191 2364 5196 ,

224 5227 327 5310 duxi,
360 5225 456 5316 quod
477 5225 617 5296 eumad
635 5224 917 5294 exercitationem
932 5227 1106 5316 proderit,
1137 5239 1212 5296 tum
1264 5242 1382 5300 tamen
1395 5225 1568 5297 immensa
1582 5223 1648 5296 Dei
1665 5227 1805 5297 bonitas
1819 5225 2000 5294 interdum
2017 5224 2153 5316 aliquas
2168 5248 2258 5294 con-

225 5351 309 5396 vero
331 5331 376 5396 ad
401 5349 520 5398 causas
544 5324 830 5418 praeceptionum
853 5329 1074 5422 quaerendas
1098 5327 1213 5420 pluri·
1263 5331 1357 5402 cedit
1371 5331 1531 5402 inducias
1547 5344 1692 5422 propter
1706 5325 1921 5408 Ecclesiam,
1947 5339 1988 5396 ut
2003 5327 2111 5395 maris
2126 5325 2258 5398 lluctus
