4754 5806
221 212 273 286 sr
780 195 1233 306 ‚srrsrocanuu

224 381 326 452 mino
340 391 481 464 nostro,
501 376 599 472 quod
615 375 654 446 in
666 397 722 446 me
736 369 829 444 nihil
843 368 1084 468 deprehendet
1103 386 1217 444 vester

227 484 341 554 clerus
363 493 399 552 et
417 481 588 573 populus,
606 487 674 548 'cur
697 499 754 546 me
768 477 845 548 ullo
862 475 940 546 iure
957 473 1127 555 abiicere,
1152 475 1216 544 ne-

226 585 313 656 dum
345 579 510 674 persequi
540 591 682 672 queant.
746 573 924 650 Assumsit
948 600 1009 648 me
1030 575 1219 661 Dominus,

225 705 409 754 serrorum
433 705 508 752 non
532 693 585 752 est
606 678 766 750 reiicere:
793 677 912 769 posuit
926 701 981 750 me
997 678 1037 748 in
1052 677 1220 750 Ministe-

224 783 318 856 rium
332 805 435 854 suum
451 775 632 860 Christus,
658 777 791 872 depelli
802 804 859 850 me
873 803 914 852 eo
928 803 1033 850 nemo
1055 777 1098 850 de
1122 773 1217 850 clero

223 881 358 958 Christi
374 881 578 977 postulabit.
602 877 810 972 Agnoscunt
825 903 862 950 se
877 882 1029 952 invicem
1042 891 1077 952 et
1088 892 1218 963 amant,

226 999 331 1081 atque
347 987 507 1078 inopere
523 983 646 1054 eodem
660 995 882 1073 promovent,
899 981 1102 1076 quicunque
1111 976 1218 1052 Chri-

226 1089 270 1158 sti
291 1086 419 1180 spiritu
440 1085 568 1156 vivont
587 1097 621 1154 et
645 1097 814 1176 aguntum
849 1086 911 1176 qui
937 1078 1034 1153 hunc
1056 1105 1130 1152 non
1153 1077 1218 1152 ha-

225 1189 329 1274 bent,
353 1183 489 1258 Christi
504 1208 580 1255 non
594 1199 698 1270 sunt,
718 1183 894 1280 quidquid
916 1184 983 1276 ipsi
1000 1207 1053 1267 se,
1080 1184 1136 1252 vol
1150 1183 1219 1252 -alii

151 1347 156 1356 ,
227 1311 287 1361 eos
301 1300 439 1361 vocent.

328 1417 502 1512 Displicet
526 1417 565 1486 in
595 1441 652 1488 me
678 1413 774 1512 quod
798 1415 922 1486 videor
945 1415 1082 1512 aliquid
1101 1409 1221 1486 Cano-

227 1547 328 1606 num,
348 1523 410 1592 sed
426 1515 633 1592 humanitus
646 1531 784 1590 tantum
800 1513 1080 1612 conditorum*),
1104 1519 1220 1588 tran's-

228 1645 376 1716 gressus.
438 1617 517 1690 Hoc
541 1619 571 1690 si
593 1632 739 1714 propter
762 1615 957 1688 Ecclesiam
979 1615 1139 1704 Christi,
1164 1617 1221 1686 vel

228 1725 305 1794 eius
328 1721 604 1792 aedificationem
629 1721 684 1789 vel
705 1733 869 1790 ornatum
893 1719 1111 1812 displiceret,
1147 1743 1221 1787 non

1285 197 1396 278 crs.
1430 195 1494 280 nc
1549 132 1683 280 ists
2210 199 2259 274 ss

1268 374 1381 446 canda
1395 365 1529 444 Christi
1547 371 1669 444 omnic
1687 383 1787 444 sunt:
1808 365 1879 446 hoc
1893 385 1946 446 est
1963 395 2103 446 somma
2125 374 2265 467 perspi..¹
2354 347 2355 406 l

1268 475 1421 558 enine,
1448 475 1613 546 libertate
1635 487 1670 546 et
1691 475 1842 559 virtute,
1874 499 1949 546 non
1969 475 2065 546 enim
2081 489 2128 548 'ut
2148 476 2261 546 mube

1269 577 1447 668 praeclara
1462 575 1681 664 cogitemus,
1713 590 1776 646 sut
1797 577 2004 672 loquamur,
2035 579 2096 647 sed
2123 590 2164 648 ut
2185 574 2262 649 Do·

1268 677 1369 748 mino
1389 676 1502 768 magis
1523 677 1705 772 magisque
1727 673 1895 762 fidamus,
1925 701 2055 749 nomen
2077 678 2152 750 elus
2168 679 2262 748 cele-
2355 751 2356 764 ,

1269 779 1428 850 bremus:
1470 778 1578 872 idque
1603 778 1722 850 serbis
1744 791 1780 851 et
1802 779 1903 852 tactis
1924 781 2110 864 omnibus,
2145 801 2263 850 sacras

1270 881 1458 952 conciones
1481 873 1666 950 habendae
1687 892 1781 951 sunt.
1832 878 1953 970 Quare
1974 881 2082 954 otiam
2102 881 2267 974 opposita

1271 983 1368 1054 iuxta
1389 983 1618 1072 seponenda
1638 994 1741 1066 sunt,
1771 993 1813 1052 ut
1826 981 1937 1072 magis
1953 983 2177 1067 illucescant,
2201 984 2264 1052 sed

1271 1084 1315 1154 ad
1334 1082 1526 1174 singularia
1540 1105 1654 1154 sermo
1677 1082 1912 1168 dimittendus
1933 1097 2003 1170 est,
2028 1097 2070 1156 ut
2089 1085 2264 1178 plusmo-
2344 1057 2357 1117 ,l

1271 1197 1362 1256 nedl·

1375 1297 1418 1400 ln
1448 1298 1578 1389 templo
1605 1293 1654 1373 D.
1675 1294 1891 1386 Columbae,
1927 1300 2029 1372 aiunt
2057 1301 2154 1372 idolo
2175 1301 2266 1372 etus

1272 1399 1437 1491 imaginis
1462 1400 1579 1492 parari
1600 1413 1732 1471 restem
1745 1401 1893 1470 maioris
1907 1401 2033 1494 pretii,
2059 1427 2164 1496 quarn
2181 1425 2265 1472 cen·

1272 1516 1350 1575 tum
1366 1499 1618 1574 Florenorum.
1646 1565 1650 1572 .
1665 1499 1706 1572 Si
1723 1501 1791 1572 iam
1805 1499 1932 1574 Pastor
1948 1497 2055 1572 huius
2070 1499 2266 1574 Parochias

1272 1597 1455 1674 Christum
1475 1625 1564 1692 pure
1586 1613 1623 1671 et
1648 1598 1807 1700 ἐνεργῶς
1830 1627 1910 1674 curn
1932 1603 2058 1675 ellectu
2077 1605 2267 1696 praedicat,

1274 1705 1335 1798 qui
1354 1705 1422 1772 lert
1438 1715 1508 1771 tam
1529 1705 1732 1793 pudendam
1757 1701 2027 1776 Idololatriam?
2082 1703 2130 1776 Et
2152 1706 2180 1774 si
2206 1727 2268 1772 ur-

229 1815 376 1895 tolerata
399 1823 545 1893 luissent
567 1837 637 1892 tam
662 1821 743 1901 diu,
781 1835 814 1892 et
839 1815 945 1890 hodie
975 1821 1222 1902 tolerarentur,
1273 1803 2269 1896 naristittuamimiliilli‘llm⁶⁰10i‘311312t'1l2⁶⁰¹¹ssl¹¹¹2
2346 1850 2360 1936 q

229 1943 300 1996 tam
318 1921 514 1994 horrendae
533 1938 564 1993 et
583 1922 788 1992 manifestae
801 1919 1004 2004 Simonias,
1030 1919 1221 2008 sacrilegia,
1274 1929 1383 1997 (1¹1³st
1404 1927 1479 1972 ¹¹0ss
1501 1927 1581 1973 eum
1608 1905 1742 1973 tullum
1763 1907 1985 1996 Praescribit,
2011 1931 2114 2000 quem
2128 1919 2268 1998 graium
2359 1939 2360 1998 t

1276 2003 1497 2099 Martyribus
1523 2017 1558 2074 et
1587 2001 1629 2076 S.
1651 2003 1775 2076 Patres
1801 2020 1992 2088 testantur,
2040 2009 2174 2080 cultum
2203 2007 2269 2099 qui
2359 2019 2360 2024 ’

231 2041 265 2096 et
280 2027 371 2118 vitae
391 2023 499 2094 totius
515 2037 633 2108 tanta,
660 2023 819 2114 adeoque
835 2035 870 2090 ct
883 2019 1090 2092 Canonibus
1112 2035 1147 2090 et
1166 2009 1222 2089 di-

231 2127 324 2195 vinis
345 2125 481 2215 legibus
505 2123 658 2214 graviter
681 2126 845 2192 damnata
869 2123 1029 2197 foeditas.
1086 2116 1222 2192 Christi

231 2229 339 2316 igitur
362 2227 490 2296 veritas
512 2240 546 2294 rt
561 2225 704 2294 libertas
722 2224 760 2292 in
778 2247 834 2292 me
851 2222 927 2293 istis
944 2223 1122 2315 displicet,
1148 2245 1221 2290 non

231 2326 459 2418 transgressio
474 2325 681 2408 Canonum,
714 2347 820 2418 quam
842 2325 882 2392 iu
904 2325 1049 2394 summis
1064 2345 1223 2393 necessa-

232 2431 294 2498 riis
319 2427 559 2497 sanctionibus
582 2425 724 2517 penitus
749 2437 782 2494 et
798 2437 850 2496 tot
865 2425 935 2494 iam
954 2425 1080 2494 seculis
1094 2448 1159 2516 pro
1173 2423 1224 2491 ri-

231 2529 350 2599 diculo
367 2524 510 2598 hubent.
1122 2539 1126 2544 '

332 2657 554 2730 Consolabor
570 2658 687 2750 itaque
701 2680 757 2724 me
771 2655 809 2723 in
816 2651 991 2726 Domino:
1014 2653 1115 2728 beuti
1127 2652 1225 2739 estis,

121 2797 124 2802 ·
233 2783 311 2830 cum
326 2783 386 2831 ros
404 2753 488 2828 odio
502 2751 701 2828 habuerint
724 2749 908 2838 homines,
934 2763 966 2826 et
988 2781 1013 2827 a
1035 2781 1072 2825 se
1096 2751 1224 2828 exclu-

232 2859 364 2942 serint,
389 2869 499 2958 atquc
525 2856 690 2930 convitiis
709 2851 951 2954 proscidcrt'nt
974 2868 1005 2929 et
1028 2855 1225 2930 resisterint

233 2985 362 3032 nomen
379 2969 534 3032 oestrum
553 2968 732 3055 tanquam
758 2953 982 3056 nefandum,
1009 2981 1123 3029 causa
1141 2952 1228 3050 filit

232 3057 406 3136 hornim's.
458 3060 533 3151 Qui
553 3063 590 3129 in
608 3061 715 3130 coelis
731 3063 827 3132 sedet
841 3057 947 3144 Pater
962 3062 1053 3131 ridet
1071 3063 1225 3150 prolecto

233 3161 337 3236 hosce
363 3175 508 3234 conatus
530 3175 654 3232 contra
678 3185 824 3251 regnum
848 3159 933 3230 Filii
956 3162 1028 3245 sui,
1062 3175 1096 3230 et
1126 3161 1225 3230 brevi

234 3269 399 3358 loquetur
426 3262 498 3332 illis
523 3263 560 3332 in
589 3263 640 3330 ira
667 3287 740 3334 sua.
805 3253 951 3332 Auertat
984 3261 1226 3332 misericordia

234 3368 330 3449 ritis,
355 3387 445 3460 quae
463 3375 671 3456 sequuntur.
991 3363 996 3374 ’

333 3493 560 3588 Deploranda
594 3495 752 3586 prolecto
790 3495 957 3577 caecitas,
997 3517 1069 3564 non
1109 3494 1228 3564 videre

236 3595 326 3668 hanc
348 3594 416 3666 De'i
439 3595 668 3666 clarissimam
693 3597 827 3681 lucem,
863 3593 1007 3664 infanda
1030 3595 1228 3686 stupiditas,

235 3699 301 3769 ista
323 3695 390 3769 Dei
412 3697 544 3767 iudicia
569 3719 644 3766 nun
669 3697 811 3770 sentire.
863 3693 1034 3784 Quotidie
1053 3697 1148 3765 enim
1173 3697 1229 3765 vi-

236 3801 320 3872 dent
336 3814 370 3868 ct
386 3800 556 3881 audiunt,
581 3811 620 3866 ut
636 3797 870 3880 collidantur,
892 3797 954 3889 qui
970 3797 1173 3888 impingunt
1191 3798 1247 3865 in·

235 3897 327 3970 hanc
341 3913 476 3992 petram
490 3899 660 3984 scandali,
684 3911 717 3968 et
732 3912 773 3969 ut
786 3897 975 3968 commulat
989 3898 1064 3983 illa,
1089 3899 1231 3992 inques

237 4003 311 4092 ipsa
336 3999 520 4082 ceciderit,
555 4013 589 4069 et
615 4013 731 4068 tamen
755 4011 931 4070 conantur
953 3995 1069 4069 adhuc
1084 3999 1231 4070 reiicere

236 4095 333 4178 hunc
356 4100 527 4191 lapidem,
558 4123 662 4198 quem
685 4098 791 4171 Pater
819 4101 858 4168 in
882 4097 974 4169 Zion
1006 4123 1071 4190 pro
1102 4101 1232 4169 lunda-

237 4217 359 4272 mento
378 4215 412 4272 et
429 4201 558 4290 angulo
575 4199 707 4290 posuit.
759 4199 830 4272 Sed
847 4200 971 4270 dolent
985 4195 1073 4270 haec
1095 4213 1130 4270 et
1152 4199 1233 4284 tibi,

189 4307 196 4318 '
238 4327 277 4372 ac
298 4326 436 4372 mecum
462 4323 502 4370 ea
529 4303 711 4392 deploras,
744 4298 910 4390 provides
934 4301 1030 4370 enim
1051 4301 1142 4392 quid
1166 4301 1233 4371 ista

239 4405 414 4472 malorum
432 4395 622 4484 invehant,
649 4413 683 4470 et
699 4397 815 4471 adhuc
832 4401 1014 4474 invectum
1029 4401 1112 4475 sint.

340 4531 460 4604 Audio
482 4535 669 4627 plerosque
696 4533 811 4607 multo
834 4557 940 4626 qnam
964 4549 1066 4608 antea
1090 4531 1235 4606 solitum

240 4635 311 4707 fuit
338 4634 541 4705 concionari
578 4635 723 4728 purius,
768 4635 889 4704 audivi
923 4635 1028 4704 etiam
1064 4635 1236 4728 quosdam

241 4739 333 4830 ipse‘,
368 4737 405 4804 in
429 4761 580 4830 qnorum
606 4735 839 4806 concionibus
860 4729 953 4804 nihil
973 4731 1237 4826 reprehenden-

241 4841 328 4908 dum
342 4838 563 4911 audiebatur.
612 4835 660 4910 dt
676 4860 781 4931 quam
796 4835 908 4906 multa
923 4835 1234 4910 desiderabantur!

241 4937 332 5010 Nam
358 4963 422 5032 pro
448 4939 683 5034 amplitudine
707 4935 897 5028 maiestatis
913 4933 1072 5032 Christi,
1097 4937 1238 5031 praedi-

246 5149 452 5172 ..n-u·-

279 5273 310 5336 *t
330 5271 376 5326 Sic
390 5269 448 5326 sine
463 5269 637 5326 haesitatione
649 5267 749 5340 tscripsi
762 5237 814 5341 pro
830 5269 963 5323 mendoso
979 5265 1145 5336 condicum,
1162 5267 1239 5339 quod

314 5341 412 5413 legitor
425 5341 456 5400 its
467 5351 539 5398 testu
555 5339 677 5396 Bumeti.

1268 2315 1274 2322 ι

1274 2107 1368 2176 cruci
1384 2099 1518 2176 Christi
1538 2105 1581 2175 sit
1598 2119 1872 2194 consentaneus;
1899 2110 2073 2180 sed-sicut
2097 2109 2164 2202 ipsi
2187 2131 2269 2176 ver-

1275 2207 1331 2278 bis
1345 2201 1488 2277 Christo
1504 2206 1630 2274 omnia
1643 2207 1826 2292 tribuunt,
1852 2211 1943 2280 facto
1959 2223 2080 2280 autem
2092 2221 2271 2305 quaerunt

1276 2321 1310 2380 et
1326 2321 1590 2400 prosequuntur
1609 2319 1681 2376 tam
1705 2309 1817 2380 multa
1840 2299 1962 2380 centra
1982 2307 2186 2394 Christum,
2219 2311 2279 2396 ica,
2360 2313 2361 2400 ζ

1275 2409 1411 2480 iaciunt
1424 2409 1528 2478 etiam
1546 2407 1722 2498 populum
1745 2407 1912 2483 delectari
1936 2407 2104 2482 nonnihil
2128 2412 2270 2482 saniore

1277 2509 1449 2580 doctrina.
1507 2505 1622 2580 Omni
1643 2522 1761 2579 autem
1785 2510 1858 2582 vita
1880 2525 1917 2584 et
1935 2513 2106 2604 religione
2131 2535 2271 2603 perma-

1277 2633 1361 2681 nere
1376 2609 1416 2678 in
1430 2607 1597 2680 omnibus
1610 2611 1923 2700 superstitionibus
1948 2627 1982 2686 et
2006 2615 2097 2684 vitae
2119 2613 2272 2704 impuri-

1277 2723 1367 2792 tate,
1392 2709 1431 2778 in
1444 2731 1514 2804 qua
1529 2721 1633 2780 autea
1651 2705 1827 2783 haerebat.

1379 2824 1533 2896 lactatur
1555 2847 1681 2916 magna
1700 2826 1827 2919 populi
1851 2827 1991 2900 devotio
2023 2827 2099 2900 istis
2125 2841 2160 2899 et
2187 2851 2272 2918 erga
2362 2898 2363 2916 ,

1277 2925 1439 3000 Pastores
1455 2948 1538 2998 suos
1551 2928 1765 3014 reverentia,
1794 2923 1861 3000 boc
1884 2942 2002 3000 autem
2023 2929 2165 3020 gravius
2189 2953 2274 3020 pec·
2362 2925 2363 2972 ³

1279 3043 1397 3113 catur,
1429 3051 1508 3098 cum
1529 3027 1602 3096 illis
1622 3023 1787 3100 Christus
1813 3054 1886 3102 uon
1906 3055 2014 3124 quam
2043 3031 2272 3128 simplissime¹

1281 3131 1318 3200 in
1335 3129 1501 3200 omnibus
1516 3129 1620 3198 etiam
1644 3130 1852 3200 ceremoniis
1876 3132 2106 3221 praedicatur.
2155 3131 2225 3202 Sed
2250 3157 2272 3198 o

1280 3231 1398 3322 spinas
1421 3229 1690 3311 existimationis
1711 3245 1744 3302 et
1769 3233 1999 3304 commoditas
2017 3231 2225 3314 mundialis,
2250 3257 2273 3299 o

1280 3333 1432 3404 luridum
1455 3344 1615 3414 tenuem,
1644 3345 1679 3400 et
1702 3327 1887 3402 humorem
1908 3334 2122 3422 malignum,
2148 3334 2274 3425 inquo

1281 3447 1396 3503 aestus
1410 3430 1523 3502 crucis
1536 3445 1679 3502 enatum
1694 3455 1815 3502 semen
1829 3447 1900 3518 tarn
1913 3433 1983 3504 cito
1997 3435 2150 3508 arefacit.
2177 3430 2276 3503 llaec

1282 3535 1325 3602 de
1341 3531 1386 3613 iis
1400 3531 1540 3618 scribo,
1561 3533 1605 3600 ad
1623 3555 1712 3629 quos
1729 3533 1917 3624 pertinent.
1938 3613 1943 3622 ,

1382 3659 1437 3732 De
1463 3676 1498 3734 te
1519 3687 1592 3734 non
1617 3664 1744 3736 dubito
1764 3665 1912 3754 gloriam
1930 3659 2065 3737 Christi
2087 3681 2122 3738 et
2142 3687 2278 3760 propu-

1282 3764 1486 3853 gnationem
1503 3766 1602 3856 regni
1619 3765 1695 3840 cius
1711 3767 1777 3838 tibi
1793 3791 1951 3860 quoque,
1976 3781 2016 3836 ut
2029 3767 2172 3852 scribis,
2196 3793 2278 3836 cor-

1283 3867 1321 3935 di
1340 3867 1428 3936 es'se:
1455 3879 1574 3938 tamen
1592 3879 1625 3936 tc
1641 3861 1727 3956 rogo
1742 3890 1804 3957 per
1816 3863 1999 3938 Christum
2016 3867 2052 3937 id
2071 3870 2168 3962 quod
2190 3871 2279 3938 sub·

1284 3967 1362 4036 iicis
1378 3965 1567 4055 diligenter
1582 3981 1617 4038 et
1633 3989 1750 4038 coram
1766 3963 1910 4038 Christo
1926 3965 2083 4039 Domino
2097 3970 2264 4041 excutias.

1385 4095 1456 4170 Sed
1486 4097 1587 4168 nolui
1610 4113 1729 4170 tamen
1753 4097 1802 4170 sic
1826 4123 1951 4190 urgere
1972 4123 2111 4172 causam
2133 4095 2280 4180 Christi,

1285 4211 1415 4269 ultum
1434 4213 1631 4290 promotam
1646 4221 1722 4269 eam
1736 4200 1860 4287 velim,
1885 4191 1996 4292 magis
2012 4225 2178 4272 remorer.
2194 4199 2280 4270 'Ze-

1286 4301 1361 4370 lum
1385 4313 1524 4392 oportet
1547 4323 1620 4369 esse
1636 4301 1832 4372 secundum
1847 4302 2047 4388 scientiam
2073 4316 2167 4372 recte
2182 4293 2281 4386 haec,

1287 4401 1325 4500 si·
1339 4400 1407 4470 rite
1430 4401 1685 4492 intelligantur.
1737 4399 1808 4473 Sed
1830 4402 1973 4474 scientia
1997 4403 2172 4496 Spiritus,
2203 4419 2280 4470 non

1288 4503 1420 4585 carnis,
1445 4497 1503 4573 bie
1519 4523 1608 4593 opus
1623 4517 1685 4576 est.
1736 4499 1850 4573 Causa
1864 4500 1999 4575 Christi
2013 4529 2079 4574 nec
2094 4505 2198 4573 dehet
2215 4527 2281 4571 nec

1289 4616 1402 4694 potest
1416 4625 1478 4693 per
1490 4625 1526 4671 se
1541 4603 1684 4695 quidem
1703 4605 1839 4692 urgeri,
1864 4605 1931 4672 nisi
1945 4607 2093 4676 assiduis
2107 4603 2282 4698 precibus,

1290 4717 1324 4774 et
1341 4707 1515 4786 modesta,
1541 4705 1635 4788 leni,
1662 4705 1843 4795 religiosa,
1867 4707 1926 4774 sed
1954 4708 2083 4790 clara,
2101 4706 2161 4774 sed
2188 4705 2282 4776 inte-

1290 4827 1351 4894 gra
1374 4805 1593 4874 confessione
1627 4817 1661 4874 et
1690 4803 1949 4897 praedicatione
1978 4801 2131 4889 Christi,
2165 4829 2283 4898 ,eaque

1291 4927 1381 4998 quae
1403 4929 1478 4974 non
1499 4905 1617 4975 verbis
1640 4919 1776 4977 tantum
1801 4907 1862 4974 sed
1885 4906 1989 4978 etiam
2010 4905 2109 4978 iactis
2133 4921 2283 4980 constet.

1283 5004 1369 5076 Huc
1383 5006 1412 5076 si
1428 5008 1558 5100 scimus
1577 5019 1613 5077 et
1636 5005 1791 5096 agimus,
1816 5003 1941 5078 Zelum
1965 5003 2136 5080 hahemus
2157 5031 2284 5078 secun-

1292 5109 1378 5178 dum
1394 5108 1596 5191 scientiam,
1621 5121 1655 5179 et
1669 5131 1809 5180 causam
1823 5103 1957 5182 Christi
1981 5123 2118 5182 tanturn
2130 5133 2284 5204 spromo-

1292 5233 1374 5278 rere
1402 5223 1436 5280 et
1464 5208 1638 5280 remorari
1663 5233 1739 5278 non
1764 5229 1958 5301 possumus.
2016 5211 2108 5282 Nam
2140 5205 2285 5280 Christo

1295 5311 1424 5380 tradita
1442 5324 1494 5380 est
1506 5310 1624 5380 omnis
1640 5323 1791 5411 potestas
1804 5309 1842 5380 in
1857 5312 1956 5394 coelo
1971 5325 2007 5384 et
2021 5313 2059 5381 in
2077 5326 2183 5384 terra.
2214 5305 2286 5400 lgi-
