4654 5804
222 257 296 336 att

225 430 292 504 No.
306 427 434 502 8182.
543 495 550 506 .

232 525 405 560 w

426 627 581 712 Ioanni
607 623 847 722 Friderico,
878 627 1017 714 Eccos.

312 811 397 886 Epist.
414 807 461 864 lib.
481 805 530 863 lll.
547 825 573 880 p.
587 805 630 862 78.
649 803 731 878 (edit.
749 806 839 860 Laud.
859 806 907 862 lll.
929 827 971 880 ep.
987 807 1053 877 bb).

948 458 955 466 “
1075 444 1108 504 2.
1122 436 1210 498 Febr.

1073 526 1203 552 Μ

228 966 449 1044 Gratiarum
464 962 561 1034 actio
578 957 904 1034 adIohanaem
920 958 1216 1034 Friderieam

227 1071 368 1144 Ducem
387 1065 580 1139 Saxoniae
602 1062 806 1134 Electorem
830 1066 1059 1164 praescripta
1082 1089 1106 1133 a
1124 1059 1218 1133 Phi-

254 1173 355 1276 lippo
370 1162 616 1244 Melanthoae
631 1162 819 1238 Studiosis
834 1165 1191 1262 Hamburgensibus.

227 1288 272 1380 S.
297 1309 343 1386 D.
395 1306 634 1380 Illustrissime
655 1303 844 1396 Princeps,
875 1301 1028 1375 Domine
1051 1303 1218 1376 Clemen-

116 1407 146 1466 s
227 1415 380 1496 tissime,
401 1409 583 1500 Principio
607 1420 808 1476 reverenter
830 1431 1031 1498 precamur,
1056 1421 1096 1478 ut
1113 1405 1153 1480 C.
1171 1405 1216 1479 T.

227 1512 292 1586 has
307 1529 443 1586 nostras
458 1511 579 1580 literas
592 1509 822 1578 declarandae
838 1503 1065 1598 gratitudinis
1075 1521 1215 1579 nostrae

163 1629 179 1642 '‘
227 1640 331 1692 cansa
347 1615 503 1706 scriptas,
518 1612 709 1680 clementer
723 1609 880 1700 accipiat.
912 1609 1103 1704 Postquam
1120 1612 1215 1679 enirn

228 1734 498 1792 conterraneum
521 1725 682 1782 nostrum
695 1709 738 1783 N.
752 1712 909 1802 primum
926 1707 1138 1782 Academiae
1158 1736 1216 1780 re-

227 1820 339 1904 stitui,
365 1818 493 1888 deinde
511 1816 646 1907 placato
663 1813 771 1883 fratre
786 1815 974 1899 vulnerati,
1001 1815 1103 1884 etiam
1119 1826 1215 1882 metu

225 1921 351 1994 mortis
371 1917 517 1988 liberari
539 1914 580 1991 C.
596 1915 641 1989 T.
662 1915 852 1984 clementer
875 1916 1009 2004 voluit;
1035 1912 1114 1984 Etsi
1133 1916 1215 1984 tali-

134 2096 141 2108 ,
224 2027 293 2096 bus
316 2019 495 2093 beneficiis
525 2019 624 2088 nulla
648 2011 776 2087 Oratio
807 2041 873 2108 par
904 2018 1059 2088 inveniri
1084 2030 1213 2108 potest:

226 2126 364 2197 Tamen
381 2121 659 2192 existimavimus
677 2119 722 2187 ad
744 2119 900 2188 officium
922 2133 1082 2190 nostrum
1106 2119 1215 2210 perti-

225 2219 329 2312 nere,
360 2239 401 2295 ut
431 2223 586 2316 aliquam
616 2232 733 2310 graue
763 2221 893 2291 mentis
923 2221 1214 2312 significationem

224 2330 502 2399 ostenderemus.

327 2458 467 2530 Scimus
492 2479 558 2527 nos
587 2469 689 2526 antea
718 2457 913 2548 plurimum
939 2455 979 2528 C.
1003 2455 1047 2530 T.
1074 2457 1213 2541 debere,

111 2588 117 2598 ·
226 2561 322 2659 quod
337 2559 376 2629 in
392 2555 458 2629 hac
472 2553 684 2658 Academia,
711 2584 801 2654 quae
816 2573 875 2629 tua
891 2561 1022 2630 virtute
1035 2573 1069 2629 et
1083 2559 1214 2629 libera-

225 2667 323 2736 litate
340 2661 542 2732 defenditnr
559 2671 593 2730 et
609 2661 769 2750 fovetur,
797 2662 1013 2753 optimarum
1033 2660 1162 2729 artium
1180 2672 1214 2728 et

224 2763 411 2853 Evangelii
424 2762 641 2848 doctrinam,
663 2787 731 2857 qua
746 2758 838 2832 nihil
853 2759 1137 2832 hominimelius
1152 2774 1214 2832 aut

224 2867 349 2939 utilius
363 2865 566 2953 contingere
580 2878 712 2956 potest,
738 2865 915 2938 discimus.
958 2862 1040 2952 Quo
1056 2878 1213 2955 tempore

225 2983 262 3043 et
276 2967 431 3042 vidimus
447 2963 488 3041 C.
506 2965 551 3041 T.
565 2991 648 3060 prae
664 2968 807 3038 caeteris
824 2966 1052 3056 Principibus
1066 2966 1213 3036 virtutes

224 3093 347 3143 ornnes
361 3070 494 3154 colere,
519 3071 738 3163 maximeque
756 3070 926 3142 iustitiam
947 3069 1130 3152 rectricem
1146 3063 1213 3136 hu-

224 3195 349 3244 manae
366 3172 540 3242 societatis
562 3196 696 3256 amare,
724 3185 759 3242 et
775 3172 930 3242 bonitate
952 3170 1074 3243 lenire.
1124 3167 1215 3238 Pro-

224 3289 303 3368 pter
324 3297 413 3366 quae
437 3275 562 3342 decora
585 3271 625 3346 C.
648 3271 693 3346 T.
716 3297 854 3364 semper
877 3273 1032 3342 studiose
1055 3269 1215 3342 venerati

225 3399 367 3459 sumus,
393 3387 427 3444 et
448 3375 642 3466 praedicari
658 3375 762 3442 etiam
777 3397 798 3442 a
812 3375 934 3446 multis
949 3371 1215 3465 sapientissimis

225 3477 312 3547 viris
328 3475 461 3570 ubique
483 3475 622 3550 scimus.
674 3475 745 3547 Sed
768 3476 807 3544 in
827 3471 893 3546 hac
910 3475 1106 3544 calamitate
1129 3499 1215 3543 con-

225 3579 381 3651 terranei
414 3579 528 3648 nostri
565 3578 753 3672 praecipue
783 3577 1013 3670 cognovimus
1044 3576 1215 3646 iustitiam

225 3697 323 3754 tuam
346 3680 590 3750 misericordia
616 3695 862 3772 temperatam,
896 3704 964 3774 qua
987 3681 1030 3748 de
1054 3693 1115 3750 tuo
1139 3678 1216 3749 iure

226 3785 416 3855 clementer
439 3781 576 3876 aliquid
604 3783 787 3868 remisisti,
821 3807 860 3852 ae
889 3805 1039 3874 poenam
1063 3779 1215 3870 mitigari

225 3907 348 3980 passus
369 3907 424 3968 es,
450 3896 484 3953 et
506 3885 719 3956 adolescenti
743 3885 870 3955 misero
887 3883 996 3953 vitam
1019 3881 1216 3956 reddidisti.

228 3987 308 4078 Qua
325 3987 418 4055 inre
435 3987 538 4055 etiam
554 4001 715 4080 parentes
731 3987 842 4079 ipsius
866 4010 982 4070 senes,
1007 3986 1070 4078 qui
1093 3985 1215 4056 dolore

228 4088 340 4174 animi
364 4103 398 4157 et
419 4089 516 4157 lactu
541 4089 689 4180 perituri
711 4089 878 4173 fuissent,
903 4089 1031 4158 servati
1057 4101 1092 4158 et
1111 4088 1215 4178 plane

229 4213 271 4260 ex
285 4202 398 4257 morte
418 4191 571 4258 revocati
591 4204 685 4262 sunt.
735 4187 827 4261 Cum
852 4203 969 4259 antem
992 4189 1136 4258 caeteris
1152 4189 1216 4257 be-

228 4289 362 4360 nefieiis
385 4290 571 4375 omnibus,
592 4293 746 4361 multum
766 4316 833 4362 nos
854 4291 1027 4380 obligatos
1046 4287 1087 4362 C.
1102 4289 1145 4362 T.
1163 4291 1215 4358 fa-

228 4405 384 4472 teamur,
412 4415 507 4468 nunc
523 4393 634 4481 magis
651 4393 798 4482 obligati
819 4415 958 4477 sumus,
983 4416 1048 4483 pro
1064 4387 1132 4460 hoc
1154 4414 1217 4481 pe-

230 4492 356 4564 culiari
370 4493 552 4566 beneficio.
570 4481 579 4496 ⁸
605 4491 727 4586 ltaque
749 4517 885 4566 summa
908 4494 1103 4564 reverentia
1117 4490 1158 4567 C.
1173 4489 1217 4562 T.

230 4592 357 4686 gratias
380 4594 535 4686 agimus,
565 4609 600 4664 et
620 4608 761 4680 nostro,
794 4611 829 4668 et
850 4595 1071 4668 conterranei
1093 4593 1217 4678 nostri,

230 4707 267 4770 et
278 4707 466 4790 parentum
480 4697 592 4789 ipsius
606 4697 761 4784 nomine,
778 4701 874 4791 quod
890 4699 1030 4782 misero,
1046 4697 1109 4791 qui
1126 4696 1217 4768 tristi

231 4819 314 4870 casu
335 4796 375 4866 in
394 4791 487 4866 hanc
508 4799 741 4868 calamitatem
763 4799 910 4884 incidit,
942 4799 1040 4890 parci
1062 4798 1217 4868 voluisti.

232 4897 341 4990 Quod
354 4897 386 4968 si
397 4898 473 4967 ullo
488 4924 646 4992 unquam
666 4913 823 4992 tempore
838 4901 1015 4970 declarare
1030 4901 1218 4990 gratitudi-

231 5025 315 5072 nem
329 5013 486 5072 nostram
508 5001 719 5093 poterimus,
747 5001 956 5094 pollicemur
978 5025 1044 5072 nos
1063 5001 1219 5072 vicissim

232 5103 376 5198 quaevis
389 5103 567 5194 pericula,
592 5117 651 5174 tua
670 5127 773 5174 cansa
791 5099 943 5174 libenter
958 5104 1116 5174 adituros
1135 5126 1218 5178 esse.

230 5203 518 5276 praedicabimus
550 5205 655 5275 etiam
688 5205 820 5276 civitati
849 5201 1146 5299 Hamburgeasi‚
1180 5205 1219 5272 in

232 5329 301 5400 qrra
315 5307 476 5402 plerique
492 5308 567 5379 nati
581 5331 714 5388 snmus,
736 5302 829 5378 hanc
843 5305 960 5378 Tuam
974 5304 1220 5390 Clementiam,

232 5429 323 5502 quae
340 5433 381 5479 eo
402 5410 506 5480 etiam
522 5433 602 5501 erga
619 5407 664 5484 T.
679 5405 720 5483 C.
736 5410 805 5482 erit
820 5407 1028 5492 officiosior,
1053 5431 1133 5478 cum
1156 5429 1220 5475 au-

804 249 1246 332 emerebantur
1296 256 1403 336 LlB.
1429 259 1496 340 tx,
1548 262 1681 342 teto.

2182 271 2252 350 m

1267 432 1488 552 dietcivium
1511 458 1658 510 suorum
1674 437 1917 512 intercessioni
1935 454 1968 513 te
1991 442 2177 514 clemfflter
2191 446 2249 514 ad-

1267 558 1426 610 sensisse.

1365 669 1468 740 Hanc
1483 673 1762 756 testificationem
1777 688 1895 765 gratae
1909 678 2104 750 voluntatis
2120 693 2249 752 nostrae

1268 771 1459 841 clementer
1471 774 1619 866 accipiat
1633 773 1674 850 C.
1690 775 1734 846 T.
1749 800 1814 847 nec
1830 779 2016 866 simulato,
2042 781 2105 852 sed
2125 805 2206 853 vero
2220 797 2251 854 et

1267 874 1408 943 ardenti
1423 888 1562 965 pectore
1577 877 1741 969 scriptam
1757 901 1829 948 esse
1844 893 1984 955 statuat.

1368 1003 1551 1078 Postremo
1581 1007 1697 1079 Deum
1727 1026 1909 1083 aeternum
1940 1013 2079 1086 Patrem
2110 1017 2251 1088 Domini

1267 1107 1381 1178 nostri
1401 1103 1489 1178 Iesu
1514 1098 1663 1180 Christi
1681 1137 1885 1204 precamur,
1919 1130 1954 1187 et
1976 1141 2116 1210 seraper
2139 1143 2252 1210 preca·

1267 1209 1390 1280 bimur
1401 1212 1608 1282 ardentibus
1623 1216 1725 1298 votis,
1748 1229 1789 1286 ut
1803 1213 1897 1290 CT.
1914 1232 2027 1290 servet
2042 1221 2251 1292 incolumem

1267 1335 1306 1381 ac
1327 1312 1532 1398 florentem,
1559 1330 1593 1385 et
1615 1317 1780 1388 defendat
1800 1320 1968 1390 adversus
1984 1319 2108 1392 omnes
2130 1318 2251 1408 hostes,

1268 1427 1302 1484 et
1321 1415 1447 1499 faciat,
1471 1429 1512 1486 ut
1531 1418 1740 1506 gubernatio
1763 1433 1822 1490 tua
1845 1421 1952 1492 foelix
1970 1423 2033 1507 sit,
2059 1439 2094 1496 et
2110 1422 2152 1498 C.
2167 1423 2209 1494 T.
2222 1439 2251 1496 et

1268 1515 1358 1602 tuis,
1384 1529 1418 1587 et
1433 1519 1619 1590 universae
1638 1516 1815 1590 Ecclesiae
1829 1522 1909 1596 Dei.
1967 1522 2068 1613 Quae
2086 1540 2123 1598 et
2137 1527 2175 1596 in
2193 1523 2250 1598 hac

1268 1617 1354 1704 vita,
1375 1632 1410 1688 et
1424 1633 1542 1710 postea
1559 1621 1598 1688 in
1609 1633 1681 1690 tota
1697 1624 1901 1696 aeternitate
1916 1622 1956 1694 C.
1970 1624 2014 1699 T.
2030 1627 2128 1696 inter
2140 1629 2252 1716 iustos,

1269 1732 1302 1789 et
1335 1721 1504 1792 salutares
1539 1719 1738 1814 Principes,
1785 1719 2006 1808 Danielm,
2059 1723 2253 1824 Iosophat,

1268 1815 1493 1904 Ezechiam,
1528 1817 1691 1924 fosiam,
1723 1838 1757 1896 et
1779 1827 1931 1913 similes,
1959 1853 2076 1899 coram
2100 1828 2200 1917 Deo,
2224 1847 2253 1906 et

1266 1924 1441 1994 universis
1456 1925 1573 1995 electis
1591 1928 1808 1998 celebratura
1826 1945 1886 2002 est.
1933 1929 2035 2019 Quae
2049 1955 2134 2004 vera
2149 1933 2254 2022 gloria

1267 2027 1371 2114 longe
1398 2027 1623 2098 anteferenda
1651 2043 1704 2100 est
1733 2031 1862 2116 famae,
1896 2057 2002 2125 quam
2029 2026 2253 2116 Alexander,

1266 2141 1329 2198 aut
1344 2122 1469 2198 Iulius
1489 2129 1722 2224 reliquerunt.
1772 2129 1871 2204 Bene
1894 2147 1928 2204 et
1948 2133 2126 2208 foeliciter
2148 2138 2253 2208 valeat

1266 2225 1306 2303 C.
1325 2227 1371 2303 T.
1411 2229 1656 2322 Witebergae.
1674 2238 1711 2307 Ξ.
1726 2229 1925 2309 Februarii.
1955 2233 2063 2306 Anno
2092 2233 2201 2312 1545.

1273 2454 1738 2468 mss-ss-*n—-n—n—-n—o-oo--u-
1746 2461 1768 2468 -n
1777 2461 1819 2468 -ιι-
1825 2461 1905 2469 ..μ--
1911 2461 1970 2470 *nn—-
1977 2461 2061 2470 ι--ι-ι-

1266 2574 1333 2651 Νο.
1351 2576 1465 2650 stes.

1274 2670 1444 2702 ..m
2122 2589 2251 2711 eu

1298 2849 1304 2864 ,
1415 2774 1610 2886 Philippi
1637 2773 1836 2886 Landgr.
1868 2773 2096 2862 iudicium.

1336 2952 1370 3006 ln
1387 2951 1451 3006 cod.
1464 2949 1629 3072 (isthmi
1646 2949 1693 3032 ubi
1712 2949 1876 3072 autographa
1892 2949 2097 3006 reformationis
2112 2951 2255 3022 Viteberg„

1381 3027 1861 3170 eegriiiifjlpii'hnlsiednihiriir’scribae
1883 3087 2067 3170 dpseriptum,
2091 3087 2173 3143 cuius
2190 3087 2254 3142 scri·

1370 3169 1450 3280 ptura
1468 3177 1498 3210 cn
1516 3158 1593 3212 Aona
1611 3155 1707 3210 Tabul.
1723 3159 1817 3214 Vruar.
1838 3174 1992 3226 saepissima
2009 3158 2188 3230 conspicitur.
2222 3155 2254 3208 Es

1390 3245 1425 3280 oc
1448 3225 1605 3298 apographo
1631 3223 1699 3276 illud
1727 3223 1810 3277 edidit
1830 3221 1980 3294 Cyprianus
2003 3229 2101 3308 mim
2131 3227 2254 3298 nitetttber
2311 3273 2312 3284 ,

1372 3296 1503 3352 ttttaaten
1523 3310 1568 3363 suc
1587 3294 1857 3362 fflcbtmattentgclrt).
1878 3293 1939 3345 Vol.
1956 3293 1991 3347 11.
2011 3313 2037 3360 ρ.
2056 3295 2121 3351 479.
2143 3298 2185 3362 (ex
2200 3312 2253 3414 pao
2311 3287 2312 3345 l

1371 3363 1441 3417 illud
1467 3363 1554 3417 hausit
1579 3359 1698 3418 Walcb.
1722 3363 1750 3414 in
1776 3363 1850 3432 Opp.
1879 3359 1956 3416 Lath.
1984 3363 2072 3417 XVll.
2128 3404 2134 3417 .
2160 3364 2254 3420 145..

1370 3429 1466 3486 Unum
1491 3439 1629 3502 praeterea
1652 3429 1825 3502 apographon
1848 3429 1989 3488 invenitur
2012 3431 2039 3484 in
2064 3381 2130 3488 coci).
2151 3431 2222 3488 Galli
2236 3365 2254 3484 i.

1373 3520 1397 3572 p.
1410 3503 1476 3555 80b.
1513 3499 1645 3554 Dedimus
1663 3498 1731 3552 illud
1750 3517 1779 3552 er
1799 3509 1913 3570 utroque
1931 3501 2043 3568 codice,
2060 3509 2086 3552 et
2105 3501 2254 3556 notavimus

1372 3569 1470 3623 menda
1495 3569 1566 3640 apud
1592 3567 1768 3640 cyprianum.
1795 3597 1830 3608 -
1874 3564 1939 3634 Quo
1958 3568 2017 3621 iure
2037 3569 2191 3640 Cyprianus
2209 3569 2255 3621 boc

1371 3640 1502 3710 seriptum
1519 3636 1701 3706 inscripserit:
1725 3639 1791 3706 „bet
1810 3636 1944 3704 belliltbttt
1962 3637 2110 3706 &bretagne
2131 3639 2254 3696 Selenia

1372 3710 1434 3765 tibet
1456 3711 1495 3765 tte
1519 3705 1737 3774 tltlttenbcratlrbc
1762 3705 1982 3775 metoraottw,
2007 3725 2064 3760 non
2090 3707 2183 3762 video.
2227 3708 2254 3758 tr

1372 3774 1806 3902 pppgrapboiGotbbanomtantum
1829 3774 1894 3897 bipes
1912 3785 1975 3868 spat
1995 3773 2255 3900 'inscriptafflpff't-

1372 3859 1513 3984 sehihiri
1530 3858 1585 3965 esi:
1617 3859 1686 3982 :iter
1703 3845 1808 3977 {hihi
1817 3857 1973 3981 atilriiiigca
1994 3861 2144 3983 littifcina
2170 3861 2255 3976 scithi}

1372 3983 1467 4064 ttttltet
1485 3982 1587 4050 better,
1604 3984 1642 4046 tte
1660 3983 1686 4038 la
1701 3981 1939 4062 beentttcfacnattan
1954 3996 2009 4048 gun
2026 3981 2103 4048 bbett
2122 3986 2163 4040 cta
2181 3981 2255 4060 arola

1372 4053 1561 4173 t‘ttt‘attt
1580 4050 1663 4172 illl.
1674 4048 2145 4189 ⁰t{.tttt“tt‘t.ll⁶.·'.'.n.⁸tt
2161 4067 2253 4173 tlt.

1371 4131 1417 4258 pte,
1436 4135 1613 4259 intelligitis,
1629 4188 1682 4270 boc
1699 4187 1801 4258 scripto
1813 4185 1974 4268 contineri,
1994 4205 2062 4270 quae
2081 4185 2254 4268 Landgrasius

1373 4265 1518 4312 monuerat
1541 4265 1568 4308 et
1588 4256 1787 4336 desideraverat
1812 4274 1840 4308 m
1859 4253 2063 4336 llefonnatrone
2082 4255 2255 4334 Vrtebergcp·

1372 4328 1453 4448 pirpm.
1503 4326 1676 4448 llespoppurp·
1696 4322 1930 4396 Vrtebergenscum
1950 4324 1983 4378 ad
2002 4323 2069 4380 baec
2085 4327 2190 4378 monita
2208 4322 2254 4378 rad.

1373 4415 1444 4450 rnra
1462 4413 1575 4448 exeune
1626 4413 1656 4446 ar
1670 4411 1705 4446 ιο.

1270 4550 1441 4654 (Manita
1462 4543 1690 4647 Philippi
1708 4543 1882 4645 Landgr.
1897 4545 2130 4650 adResorm.
2141 4545 2185 4626 V
2184 4546 2254 4620 tot.

1651 4649 1884 4749 spectantia.)

1271 4789 1447 4896 Qiemebt
1464 4807 1497 4880 ia
1509 4807 1560 4880 tet
1575 4805 1879 4900 tbittcnbagtldym
1895 4805 2075 4898 sastago
2091 4801 2253 4885 ffideoter.

1272 4914 1303 5004 to
1317 4929 1372 5002 gut
1387 4908 1616 5002 &strematico
1629 4903 1777 5000 arietet.
1804 4909 1862 4980 otte
1878 4907 1971 4996 ibina
1986 4906 2117 5000 girmac>
2138 4903 2252 4978 ertllta

1271 5011 1320 5104 cr.
1339 5010 1505 5104 laabecttd)
1521 5009 1596 5083 abac
1611 5013 1664 5092 ter
1679 5009 1835 5102 fflltdpotfe
1849 5005 2009 5104 better).
2027 5009 2090 5102 aab
2107 5001 2250 5098 lotias)

1308 5329 1335 5400 l)
1353 5329 1442 5404 Cypr.
1458 5325 1584 5398 buitta.

1307 5425 1434 5500 ilcypr.
1453 5428 1588 5498 lelblgt.

1794 3017 1927 3086 abeuttu,
1953 3019 2034 3073 etiarn
2054 3019 2108 3075 hoc
2128 3019 2254 3086 scripturn
2312 3059 2313 3117 p
