4654 5804
99 225 160 300 641
650 218 1085 300 EPISTOLARUM
1141 221 1249 300 LlB.
1281 221 1346 300 tx,
1399 219 1531 302 1545.
2039 229 2115 304 642

184 397 313 470 Tertio.
366 395 631 470 Gubernandae
653 411 787 468 suntet
806 396 1073 488 disputationes,
1122 417 1228 486 quam
1247 395 1389 468 sonabit
1413 397 1451 466 in
1473 401 1627 468 extremo
1652 396 1800 468 iudicio:
1828 393 1966 470 Esurii
1983 410 2015 470 et
2037 425 2112 472 non

95 525 158 570 non
179 503 287 569 solum
304 494 558 589 Theologicae,
576 501 638 569 sed
655 500 758 569 etiam
774 499 957 584 iuveniles.
981 497 1071 567 Nam
1119 493 1272 566 cibastis
1303 520 1368 570 me.
1428 497 1548 586 Quare
1577 512 1617 570 ut
1643 501 1766 570 literae
1801 517 1986 573 serventur
2014 505 2111 576 iuxta

94 601 260 674 assuefacti
279 602 323 670 ad
337 597 584 692 sophisticam,
610 615 672 672 aut
689 604 734 671 ad
750 603 991 670 defensionem
1008 601 1072 669 ab·
1116 600 1321 668 mandatum
1339 597 1407 668 Dei
1429 612 1463 668 et
1482 615 1627 691 propter
1649 597 1827 672 Ecclesiae
1855 606 2109 690 necessitatem,

94 705 265 774 surdarum
290 703 524 794 opinionum,
557 729 637 774 cum
662 717 781 794 postea
803 705 969 772 adferunt
993 724 1069 770 eam
1115 701 1315 794 aliquorum
1335 725 1528 792 paucorum
1546 704 1667 772 saltem
1684 704 1924 793 collegiorum,
1952 720 2015 776 aut
2029 732 2107 776 mo·

94 805 370 876 cousuetudinem
387 807 431 874 ad
446 805 625 894 graviores
637 829 710 889 res,
724 806 855 875 ludunt
870 803 978 872 simili
991 827 1070 872 mo-
1115 797 1350 873 nasteriorum
1368 803 1504 873 reditus
1519 806 1562 872 ad
1579 799 1717 874 scholas
1733 807 2002 883 transferantur.

92 909 142 978 do.
188 905 306 975 Discat
321 905 429 994 igitur
444 908 610 976 iuventus
624 907 662 974 in
682 907 826 992 scholis,
854 929 928 974 non
953 906 1068 974 solum
1730 919 1734 926 '

92 1007 244 1078 admirari
263 1007 475 1082 celeritatem
494 1009 736 1098 ingeniorum,
757 1009 817 1078 sed
831 1009 945 1078 multo
957 1007 1068 1096 magis

91 1133 196 1178 amare
216 1111 416 1194 veritatem,
442 1123 476 1180 et
499 1105 588 1180 hauc
604 1124 750 1202 propter
765 1108 881 1180 Deum
896 1109 936 1177 in
952 1108 1068 1202 quali-

90 1211 142 1280 bet
157 1211 297 1280 materia
313 1224 516 1282 reverenter
530 1213 634 1284 tueri.
1214 1209 1304 1280 Vult
1318 1208 1414 1282 Deus
1428 1211 1467 1280 in
1489 1213 1592 1281 terris
1609 1212 1714 1282 etiam
1738 1210 1776 1280 in
1791 1206 1857 1282 hac
1870 1213 1941 1282 vita
1965 1235 2104 1303 semper

179 1309 325 1398 Quarto.
367 1311 565 1404 Disciplina
587 1307 839 1392 †christiana”
864 1313 1068 1382 instauran-
1110 1307 1288 1382 Ecclesiae
1304 1313 1472 1406 reliquias
1487 1337 1578 1398 esse,
1603 1327 1643 1382 ut
1660 1314 1698 1381 in
1715 1313 1834 1406 aliqua
1848 1328 1946 1404 parte
1963 1315 2101 1403 generis

90 1413 129 1482 da
151 1426 216 1496 est,
241 1426 280 1482 ut
300 1415 536 1484 adolescentia
558 1415 749 1484 assuefacta
774 1416 819 1484 ad
846 1413 1067 1498 modestiam,
1102 1409 1261 1498 humaui
1287 1414 1402 1484 luceat
1424 1414 1536 1506 ipsius
1562 1427 1596 1484 et
1609 1409 1746 1485 Christi
1761 1415 1911 1500 notitia,
1944 1430 1978 1484 et
1993 1412 2102 1487 Chri-

91 1515 169 1582 etad
184 1513 399 1602 agnitionem
416 1529 451 1584 et
465 1515 629 1586 timorem
646 1513 737 1598 Dei,
759 1517 896 1585 adferat
912 1511 976 1584 has
992 1515 1066 1583 vir·
1111 1529 1185 1586 stus
1226 1510 1477 1586 haereditatem
1517 1510 1645 1586 habeat
1684 1539 1725 1584 ex
1763 1537 1891 1605 genere
1931 1511 2099 1592 humano.

89 1627 169 1684 tutes
196 1629 314 1704 postea
350 1618 394 1685 ad
426 1617 738 1705 gubernationem,
776 1630 852 1686 tum
877 1613 1066 1701 Ecclesiae,
1111 1615 1326 1709 Quanquam
1348 1630 1464 1686 autem
1485 1617 1610 1688 excitat
1635 1630 1670 1686 et
1693 1617 1874 1719 ministros
1890 1618 1964 1709 ipse
1978 1631 2013 1688 et
2027 1643 2100 1690 ser-

89 1727 155 1785 turn
175 1713 328 1806 Reipub.
379 1715 512 1806 Quales
533 1719 629 1788 enim
650 1717 763 1787 sutnri
784 1731 868 1787 suut
887 1715 1066 1808 Episcopi,
1110 1731 1170 1787 vat
1193 1739 1255 1787 sua
1275 1719 1493 1809 praesentia,
1518 1732 1637 1788 tamen
1663 1713 1731 1788 hoc
1754 1721 1860 1789 modo
1881 1720 2010 1791 utitur:
2039 1725 2100 1793 dat

89 1830 141 1886 aut
155 1831 326 1906 pastores,
353 1833 414 1889 aut
434 1817 640 1904 Senatores,
667 1819 792 1912 quiin
816 1813 946 1888 scholis
968 1819 1065 1888 vixe-
1100 1815 1281 1910 hospitia,
1313 1821 1449 1914 aliquas
1473 1821 1632 1911 politias,
1664 1818 1802 1909 Regum
1832 1833 1868 1890 et
1891 1817 2100 1913 Principum

89 1931 163 1988 runt
178 1934 411 2007 grassatorum
428 1945 542 2005 more,
567 1945 631 1990 nec
653 1921 854 1991 didicerunt
868 1919 1065 1990 doctrinam
1109 1921 1258 2012 imperia
1278 1933 1312 1990 et
1331 1923 1505 2005 civitates,
1530 1922 1594 1992 ubi
1614 1921 1870 2014 aliquantisper
1889 1923 1961 1993 sint
1977 1920 2100 1994 Eccle-

88 2015 280 2110 Evangelii,
306 2045 371 2090 nec
393 2047 429 2090 se
452 2023 498 2093 ad
522 2023 783 2092 invocationem
798 2019 866 2090 Dei
883 2021 950 2114 piis
967 2047 1065 2092 exer·
1110 2023 1202 2106 siae,
1227 2036 1262 2092 et
1285 2024 1400 2094 studia
1427 2025 1607 2106 colantur,
1630 2023 1766 2094 etiarnsi
1787 2019 1906 2117 altit)
1923 2022 2038 2112 Reges
2065 2039 2099 2096 et

88 2121 452 2198 citiisassuetecerunt.
506 2121 776 2194 Multumenim
794 2125 922 2209 refert,
943 2125 1065 2216 quales
1109 2123 1290 2215 Principes
1314 2140 1397 2197 sunt
1419 2125 1562 2194 inimici·
1577 2121 1764 2196 Ecclesiae.
1824 2124 1946 2219 ltaque
1973 2125 2098 2216 Reges,

87 2246 189 2291 mores
210 2219 319 2293 homo
342 2250 362 2294 a
385 2226 515 2294 teneris
536 2238 706 2310 assumat,
731 2239 766 2296 et
792 2227 905 2295 multo
930 2225 1066 2294 tirmior
1109 2224 1293 2316 Principes
1308 2223 1395 2320 et⁵¹)
1410 2227 1679 2315 gubernatores,
1705 2227 1767 2320 qui
1782 2224 1898 2298 Deum
1920 2225 2097 2298 etDomi-

88 2337 132 2392 est
152 2325 322 2394 malarum
348 2351 467 2396 rerum
492 2329 727 2410 consuetudo,
752 2351 857 2418 quam
877 2329 1065 2412 bonarum,
1110 2349 1196 2396 nram
1217 2342 1377 2398 nostrum
1400 2326 1513 2411 lesum
1535 2323 1717 2399 Christum
1741 2352 1822 2396 vere
1847 2330 2032 2414 invocant,
2063 2345 2097 2402 et
2187 2379 2190 2386 ι

87 2425 158 2516 quia
181 2441 308 2496 natura
329 2451 458 2520 sequar
482 2443 554 2512 est,
585 2453 665 2498 cum
697 2427 869 2498 invitatur
895 2430 939 2498 ad
967 2428 1064 2500 vitia.
1110 2429 1274 2517 diligunt.
1331 2425 1511 2518 Sciant⁵²)
1536 2430 1676 2519 politiae
1700 2431 1828 2500 debere
1849 2425 2000 2519 hospitia
2024 2455 2097 2502 esse

88 2525 287 2614 Quaerenda
304 2529 519 2618 sunt'igitur
541 2529 689 2600 consilia
706 2529 914 2621 disciplinae
930 2530 1066 2602 instau-
1109 2526 1368 2614 Ecclesiamm,
1399 2521 1492 2601 sicut
1514 2531 1769 2622 scriptumest:
1803 2527 1949 2626 Aperite
1966 2541 2096 2624 portas

85 2631 214 2701 randae.
1110 2625 1300 2726 Principes
1323 2640 1473 2706 vestras.
1530 2629 1614 2702 ldeo
1637 2633 1791 2702 suaviter
1809 2633 1952 2702 foveant
1973 2631 2097 2704 Eccle-

176 2729 326 2818 Qniuto.
378 2729 420 2799 ln
447 2732 568 2802 multis
592 2734 744 2803 urbibus
760 2733 897 2823 magnis
914 2731 1065 2802 Germa·
1110 2731 1350 2817 siam†Dei,''
1373 2729 1463 2828 et⁵³)
1485 2747 1564 2802 ante
1586 2735 1704 2802 omnia
1725 2729 1862 2804 bonore
1887 2729 2041 2805 alliciant
2063 2751 2096 2806 et

86 2829 172 2914 niae,
205 2834 271 2902 ubi
306 2833 453 2923 collegia
484 2832 748 2904 Canonieorum
785 2848 821 2905 et
850 2833 1063 2904 monasteria
1109 2857 1247 2904 servare
1264 2835 1427 2906 studeant
1443 2834 1679 2904 ministerium
1694 2831 1900 2925 Evangelii,
1926 2849 1959 2905 et
1972 2851 2096 2906 curent

86 2929 261 3024 locupletia
284 2949 318 3004 et
341 2937 452 3006 multa
476 2950 579 3019 sunt,
612 2937 706 3006 nulli
729 2937 863 3007 reditus
885 2933 1063 3005 Ecclesia·
1107 2950 1149 3006 ut
1171 2949 1329 3027 pastores
1349 2933 1589 3007 Ecclesiarum
1613 2929 1767 3005 babeant
1788 2937 1920 3006 victum
1943 2951 1978 3008 et
1993 2937 2096 3007 adiu-

86 3033 154 3101 stici
176 3037 339 3106 attributi
361 3051 444 3106 sunt
467 3032 607 3106 scholis.
667 3035 794 3126 Quare
816 3061 881 3106 nec
903 3029 1064 3132 †docto-
1108 3052 1192 3108 vent
1214 3062 1279 3129 pro
1304 3060 1366 3106 sua
1388 3036 1572 3108 vocatione
1594 3039 1881 3127 propagationem
1899 3035 2095 3126 Evangelii,

86 3134 148 3200 res*
164 3137 287 3206 idonei
304 3139 454 3208 conduci
467 3153 615 3230 possunt
630 3162 694 3208 nec
711 3140 757 3208 ali
776 3161 945 3230 pauperes
961 3131 1064 3206 scho·
1108 3139 1198 3209 sicut
1223 3140 1262 3207 in
1276 3135 1380 3206 Esaia
1401 3139 1632 3230 praecipitur:
1664 3131 1786 3230 Reges
1810 3147 1914 3208 erunt
1939 3137 2095 3210 nutritu-

85 3235 198 3311 lastici.
248 3237 397 3310 Certum
413 3255 464 3309 est
479 3255 594 3308 autem
610 3243 745 3331 primos
759 3241 894 3310 reditus
908 3239 1064 3328 collegiis
1109 3261 1185 3328 res,
1218 3247 1250 3308 et
1278 3233 1448 3332 Reginae
1482 3239 1649 3308 nutrices.
1713 3239 1902 3328 Quaelibet
1934 3254 2096 3330 potestas,

85 3337 224 3410 donatos
240 3365 331 3425 esse,
357 3342 543 3432 praecipue
561 3357 705 3434 propter
725 3337 788 3412 has
808 3345 895 3412 duas
917 3359 1065 3438 caussas,
1109 3341 1286 3436 quaelibet
1307 3339 1465 3432 Respub.
1488 3343 1684 3432 exemplum
1700 3341 1767 3409 sibi
1786 3341 2005 3434 propositum
2023 3365 2095 3410 esse

85 3453 218 3529 propter
251 3442 488 3512 ministerium
521 3439 728 3532 Evangelii,
767 3457 802 3513 et
832 3445 878 3514 ad
910 3442 1064 3512 iuvanda
1109 3448 1214 3513 ducat
1227 3441 1265 3512 iu
1282 3443 1388 3512 vidua
1402 3443 1606 3534 Sareptena.
1648 3438 1696 3512 Et
1711 3456 1750 3512 ut
1765 3443 1826 3512 illa
1845 3444 2007 3534 quamvis
2025 3445 2095 3512 dis-

85 3542 188 3611 studia
218 3545 413 3618 doctrinae.
478 3541 564 3614 ldeo
594 3543 825 3613 iustissimum
863 3557 930 3626 est,
968 3567 1064 3612 nunc
1108 3533 1193 3613 beili
1208 3558 1364 3634 tempore
1386 3545 1515 3634 excipit
1537 3557 1571 3612 et
1587 3543 1682 3634 pavit
1696 3539 1834 3627 Etiam,
1861 3544 1909 3611 ita
1931 3567 2026 3611 nunc
2046 3545 2096 3612 si-

86 3666 215 3736 rproque
244 3647 287 3714 ad
314 3640 376 3714 bas
394 3647 481 3713 duas
503 3668 559 3714 res
582 3646 734 3714 maxime
763 3643 976 3714 necessarias
998 3644 1065 3712 ali·
1107 3646 1206 3745 milia
1221 3645 1333 3714 officia
1351 3646 1472 3714 deberi
1493 3644 1691 3714 ministerio
1706 3639 1894 3734 Evangelii
1908 3645 2069 3717 sciamus.
2162 3713 2166 3722 ,

84 3743 159 3834 quid
178 3770 217 3813 ex
234 3747 480 3837 tantisopibus
496 3745 724 3834 collegiorum
738 3747 938 3817 transferre.
962 3741 1065 3812 Hanc
1209 3744 1280 3816 Sed
1302 3746 1339 3814 in
1365 3742 1419 3814 his
1443 3746 1625 3815 furoribus
1639 3741 1824 3815 hominnm
1840 3769 1913 3814 uon
1927 3747 2096 3815 diuturna

85 3845 294 3917 voluntatem
319 3871 392 3915 esse
414 3843 547 3918 Christi
572 3862 604 3916 et
619 3843 795 3920 Ecclesiae
814 3845 882 3916 Dei
901 3870 974 3914 non
997 3847 1065 3914 du·
1108 3847 1254 3916 fuerunt
1276 3841 1430 3936 hospitia
1446 3843 1623 3914 Ecclesiae
1637 3847 1677 3914 in
1691 3847 1816 3918 iisdem
1835 3847 1941 3928 locis,
1966 3862 2006 3916 ut
2029 3849 2095 3914 do-

85 3943 257 4022 biumest.
310 3947 401 4018 Nam
415 3945 578 4020 Christus
593 3949 725 4042 inquit:
751 3942 832 4042 Qui
853 3941 989 4016 dederit
1011 3939 1068 4014 vel
1109 3971 1174 4018 nec
1190 3941 1316 4036 Ioseph
1332 3947 1437 4031 vixit,
1461 3947 1647 4016 mediocris
1664 3947 1901 4038 tranquillitas
1917 3943 2095 4016 Ecclesiae

84 4055 199 4140 potum
224 4073 346 4148 aquae
370 4047 439 4118 uni
466 4073 512 4119 ex
536 4047 702 4118 minimis
731 4071 890 4117 meorum
918 4054 1067 4144 propter
1110 4049 1243 4119 eratin
1265 4045 1442 4140 Aegypto:
1468 4045 1553 4116 Post
1573 4045 1778 4118 ann0s1lo
1801 4044 2095 4138 amorteloseph
2196 4081 2200 4092 r

87 4141 303 4237 doctrinam,
329 4145 478 4220 babebit
503 4146 693 4220 mercedem
716 4175 836 4225 suam.
887 4147 975 4219 Vult
999 4147 1067 4238 igi·
1111 4173 1245 4239 egressa
1270 4163 1320 4218 est
1344 4172 1385 4217 ex
1405 4145 1563 4242 Aegypto
1585 4163 1619 4218 ct
1649 4148 1746 4216 aliud
1769 4143 1962 4240 hospitium
1988 4174 2095 4241 quac-

87 4262 138 4318 tur
154 4253 315 4323 doctores
329 4267 363 4324 et
384 4253 576 4344 discipulos
592 4253 715 4344 inopes
730 4253 845 4322 honae
861 4251 934 4342 spei
959 4250 1008 4318 ali
1033 4261 1068 4318 et
1111 4252 1205 4322 sivit.
1250 4247 1364 4343 Cyrus
1387 4265 1420 4320 et
1435 4247 1643 4319 Artaxerxes
1658 4251 1895 4320 defenderunt
1911 4247 2094 4320 Iudaeam:

86 4349 202 4427 iuvari.
255 4353 304 4426 Et
321 4381 399 4426 cum
417 4379 539 4424 omnes
561 4355 679 4424 dicant
700 4355 832 4424 reditus
847 4349 1068 4420 Ecclesiasti-
1110 4367 1230 4444 postea
1247 4347 1370 4422 Ochus
1384 4351 1573 4422 crudeliter
1589 4375 1665 4420 eam
1679 4351 1815 4424 afllixit.
1864 4348 1948 4420 Ideo
1961 4365 2097 4421 secutae

88 4475 137 4520 cos
161 4480 232 4525 esse
254 4459 348 4526 bona
369 4455 565 4541 Ecclesiae,
597 4457 626 4525 si
648 4457 723 4547 ipsa
744 4451 900 4526 Ecclesia
924 4452 1068 4521 domina
1110 4467 1194 4524 suut
1208 4477 1357 4544 poenae,
1384 4469 1416 4524 et
1431 4452 1581 4522 mutatio
1597 4453 1696 4541 regni
1714 4451 1864 4534 Persici,
1890 4453 1980 4523 sicut
1996 4477 2126 4548 saepe,

87 4545 205 4624 harum
232 4583 351 4628 rerum
373 4561 630 4646 interrogetur,
654 4582 700 4626 an
717 4557 801 4625 velit
815 4571 969 4646 pastores
990 4553 1067 4644 pios
1111 4557 1197 4626 alias
1216 4549 1373 4634 †D'eus''
1396 4555 1536 4646 punivit
1557 4553 1724 4624 iniustam
1743 4553 1983 4643 asperitatem,
2009 4579 2097 4648 quae

89 4669 117 4723 et
133 4661 252 4728 doctos
273 4685 351 4728 cum
374 4659 585 4747 coniugibus
603 4672 637 4727 et
655 4657 777 4742 liberis
791 4657 882 4726 same
900 4655 1068 4726 contabe-
1111 4659 1149 4726 in
1174 4658 1368 4726 sacerdotes
1389 4653 1624 4744 Evangelium
1646 4657 1810 4725 docentes
1838 4667 1873 4724 et
1902 4656 1988 4724 alios
2021 4656 2099 4745 pios

89 4777 193 4844 scere,
226 4775 288 4830 aut
307 4757 444 4830 scholas
466 4760 599 4843 deseri,
624 4774 657 4828 et
672 4747 793 4828 ¹deleri
817 4759 931 4828 studia
946 4759 1068 4828 litera·
1112 4771 1262 4852 grassata
1285 4772 1347 4827 est.
1399 4757 1521 4829 Sciant
1542 4757 1652 4848 igitur
1680 4771 1866 4848 potestates
1889 4756 1957 4826 sibi
1980 4779 1998 4825 a
2021 4756 2098 4826 Deo

88 4879 179 4945 rum,
202 4861 345 4954 interim
364 4885 448 4931 vero
464 4874 560 4930 tanta
575 4861 714 4950 agmina
731 4861 940 4948 ignavorum
962 4874 996 4930 et
1011 4859 1069 4927 in-

89 4959 266 5032 doctorum
297 4963 466 5052 saginari,
505 4961 592 5054 quid
626 4975 791 5053 putamus
821 4983 1066 5051 responsuram

91 5061 179 5129 esse?
229 5063 388 5134 Primum
411 5076 503 5133 certe
520 5063 671 5146 diceret,
696 5062 778 5130 tiliis
801 5061 873 5131 suis
890 5061 1069 5151 opitulan-
1146 5067 1191 5135 ⁵0)
1209 5065 1273 5122 Per.
1291 5066 1343 5119 aret
1356 5066 1448 5120 murat

91 5160 169 5230 dum
192 5183 286 5250 esse,
320 5181 352 5234 et
377 5190 457 5234 vere
481 5164 544 5234 lilii
566 5160 742 5233 Ecclesiae
767 5175 850 5231 sunt
870 5158 981 5254 tpii*
1007 5184 1069 5250 pa·
1147 5147 1560 5272 51ζ;ὥ”ἑῇ”ι’ξ’ᾗζ”“·]1’“·
1582 5145 2102 5218 ΡΜΨΜΜΓΕΜΨἈΜΜΨ

91 5275 192 5333 stores
209 5281 243 5334 et
264 5263 332 5358 †pi
338 5269 346 5334 i
359 5267 374 5290 ”
391 5263 600 5336 scholastici.
650 5263 949 5335 Commonelaciet
963 5261 1069 5331 etiam
1148 5301 1194 5370 ⁵2)
1212 5239 1321 5371 „va-...ir
1341 5236 1409 5357 Pie..
1424 5303 1465 5356 H,
1474 5304 1574 5356 suune.

90 5359 295 5456 Episcopos,
320 5369 485 5458 collegia,
505 5381 539 5437 et
555 5381 739 5457 potestates
762 5369 805 5436 de
828 5389 913 5436 voce
927 5359 1072 5446 Christi,
1150 5385 1195 5457 aa)
1213 5387 1275 5444 Per.
1294 5387 1383 5442 ,aava
1398 5393 1473 5445 rates
1483 5391 1711 5462 menandrum,
1725 5397 1765 5442 ..a

135 5469 311 5540 lteram.
326 5474 430 5540 Orrn.
456 5473 540 5538 Vor.
554 5471 597 5538 V.
1299 5459 1346 5532 41

1168 967 1179 986 '
1223 969 1403 1044 Devicta
1438 982 1471 1042 et
1503 969 1714 1072 defensione
1748 972 2001 1048 ministrorum

1498 1071 1713 1170 Evangelii.

1111 4960 1336 4974 -ι-
